<?xml version="1.0" encoding="UTF-8"?>
<!DOCTYPE html PUBLIC "-//W3C//DTD XHTML 1.0 Transitional//EN"
    "http://www.w3.org/TR/xhtml1/DTD/xhtml1-transitional.dtd">
<html xmlns="http://www.w3.org/1999/xhtml" xml:lang="en" lang="en">
 <head>
  <title>
</title>
<meta http-equiv="Content-Type" content="text/html;charset=utf-8" />
  <meta name='ocr-system' content='tesseract 3.04.00' />
  <meta name='ocr-capabilities' content='ocr_page ocr_carea ocr_par ocr_line ocrx_word'/>
</head>
<body>
  <div class='ocr_page' id='page_1' title='image "./domuspatronosec00poulgoog/domuspatronosec00poulgoog_0031.png"; bbox 0 0 3064 4949; ppageno 0'>
   <div class='ocr_carea' id='block_1_1' title="bbox 1197 523 1550 593">
    <p class='ocr_par' dir='ltr' id='par_1_1' title="bbox 1197 523 1550 593">
     <span class='ocr_line' id='line_1_1' title="bbox 1197 523 1550 593; baseline 0 -19"><span class='ocrx_word' id='word_1_1' title='bbox 1197 523 1550 593; x_wconf 60' lang='grc'>...23-</span> 
     </span>
    </p>
   </div>
   <div class='ocr_carea' id='block_1_2' title="bbox 343 664 2578 3939">
    <p class='ocr_par' dir='ltr' id='par_1_2' title="bbox 354 664 2480 868">
     <span class='ocr_line' id='line_1_2' title="bbox 360 664 2480 753; baseline -0.001 -18"><span class='ocrx_word' id='word_1_2' title='bbox 360 665 880 737; x_wconf 84' lang='lat' dir='ltr'>reverentissime</span> <span class='ocrx_word' id='word_1_3' title='bbox 917 665 1287 753; x_wconf 75' lang='lat' dir='ltr'><strong>alloquitur,</strong></span> <span class='ocrx_word' id='word_1_4' title='bbox 1322 675 1386 733; x_wconf 91' lang='lat' dir='ltr'>et</span> <span class='ocrx_word' id='word_1_5' title='bbox 1413 666 1491 732; x_wconf 92' lang='lat' dir='ltr'>de</span> <span class='ocrx_word' id='word_1_6' title='bbox 1529 664 1831 733; x_wconf 89' lang='lat' dir='ltr'>omnibus</span> <span class='ocrx_word' id='word_1_7' title='bbox 1869 665 1950 733; x_wconf 90' lang='lat' dir='ltr'>ad</span> <span class='ocrx_word' id='word_1_8' title='bbox 1979 685 2121 731; x_wconf 89' lang='lat' dir='ltr'>eam</span> <span class='ocrx_word' id='word_1_9' title='bbox 2159 665 2480 752; x_wconf 72' lang='lat' dir='ltr'>pertinen-</span> 
     </span>
     <span class='ocr_line' id='line_1_3' title="bbox 354 779 1979 868; baseline -0.002 -19"><span class='ocrx_word' id='word_1_10' title='bbox 354 782 525 851; x_wconf 88' lang='lat' dir='ltr'>tibus</span> <span class='ocrx_word' id='word_1_11' title='bbox 565 781 729 848; x_wconf 87' lang='lat' dir='ltr'>mira</span> <span class='ocrx_word' id='word_1_12' title='bbox 771 780 1047 868; x_wconf 87' lang='lat' dir='ltr'>quadarn</span> <span class='ocrx_word' id='word_1_13' title='bbox 1091 779 1460 851; x_wconf 81' lang='lat' dir='ltr'>curiositate</span> <span class='ocrx_word' id='word_1_14' title='bbox 1497 788 1979 867; x_wconf 82' lang='lat' dir='ltr'>percunctatur.</span> 
     </span>
    </p>

    <p class='ocr_par' dir='ltr' id='par_1_3' title="bbox 346 872 2578 3368">
     <span class='ocr_line' id='line_1_4' title="bbox 429 872 2482 983; baseline -0.001 -17"><span class='ocrx_word' id='word_1_15' title='bbox 429 872 574 966; x_wconf 53' lang='lat' dir='ltr'>‘Nec</span> <span class='ocrx_word' id='word_1_16' title='bbox 607 894 841 983; x_wconf 82' lang='lat' dir='ltr'>puellis</span> <span class='ocrx_word' id='word_1_17' title='bbox 881 903 1130 962; x_wconf 90' lang='lat' dir='ltr'>tantum</span> <span class='ocrx_word' id='word_1_18' title='bbox 1167 915 1242 961; x_wconf 89' lang='lat' dir='ltr'>ac</span> <span class='ocrx_word' id='word_1_19' title='bbox 1279 892 1647 981; x_wconf 84' lang='lat' dir='ltr'>junioribus</span> <span class='ocrx_word' id='word_1_20' title='bbox 1685 880 1899 962; x_wconf 86' lang='lat' dir='ltr'>inesse</span> <span class='ocrx_word' id='word_1_21' title='bbox 1938 893 2180 982; x_wconf 81' lang='lat' dir='ltr'>placuit</span> <span class='ocrx_word' id='word_1_22' title='bbox 2223 902 2482 964; x_wconf 88' lang='lat' dir='ltr'>teneros</span> 
     </span>
     <span class='ocr_line' id='line_1_5' title="bbox 355 1008 2485 1099; baseline -0.001 -19"><span class='ocrx_word' id='word_1_23' title='bbox 355 1010 673 1099; x_wconf 84' lang='lat' dir='ltr'>ejusmodi</span> <span class='ocrx_word' id='word_1_24' title='bbox 737 1009 804 1077; x_wconf 89' lang='lat' dir='ltr'>in</span> <span class='ocrx_word' id='word_1_25' title='bbox 859 1017 1161 1098; x_wconf 86' lang='lat' dir='ltr'>parentes</span> <span class='ocrx_word' id='word_1_26' title='bbox 1213 1009 1514 1091; x_wconf 79' lang='lat' dir='ltr'>affectuS,</span> <span class='ocrx_word' id='word_1_27' title='bbox 1576 1028 1781 1097; x_wconf 88' lang='lat' dir='ltr'>eaque</span> <span class='ocrx_word' id='word_1_28' title='bbox 1835 1028 2039 1096; x_wconf 90' lang='lat' dir='ltr'>quum</span> <span class='ocrx_word' id='word_1_29' title='bbox 2095 1008 2225 1078; x_wconf 87' lang='lat' dir='ltr'>sint</span> <span class='ocrx_word' id='word_1_30' title='bbox 2274 1009 2485 1078; x_wconf 84' lang='lat' dir='ltr'>studia</span> 
     </span>
     <span class='ocr_line' id='line_1_6' title="bbox 353 1122 2578 1221; baseline -0.002 -26"><span class='ocrx_word' id='word_1_31' title='bbox 353 1125 619 1196; x_wconf 89' lang='lat' dir='ltr'>cuilibet</span> <span class='ocrx_word' id='word_1_32' title='bbox 653 1123 826 1193; x_wconf 84' lang='lat' dir='ltr'>aetati</span> <span class='ocrx_word' id='word_1_33' title='bbox 865 1131 930 1191; x_wconf 88' lang='lat' dir='ltr'>et</span> <span class='ocrx_word' id='word_1_34' title='bbox 964 1122 1315 1191; x_wconf 89' lang='lat' dir='ltr'>conditioni</span> <span class='ocrx_word' id='word_1_35' title='bbox 1354 1142 1677 1210; x_wconf 83' lang='lat' dir='ltr'>congrua,</span> <span class='ocrx_word' id='word_1_36' title='bbox 1720 1131 1784 1190; x_wconf 91' lang='lat' dir='ltr'>et</span> <span class='ocrx_word' id='word_1_37' title='bbox 1818 1122 2080 1209; x_wconf 84' lang='lat' dir='ltr'>regibus</span> <span class='ocrx_word' id='word_1_38' title='bbox 2124 1133 2188 1190; x_wconf 91' lang='lat' dir='ltr'>et</span> <span class='ocrx_word' id='word_1_39' title='bbox 2224 1144 2483 1210; x_wconf 82' lang='lat' dir='ltr'>magna·</span> <span class='ocrx_word' id='word_1_40' title='bbox 2570 1214 2578 1221; x_wconf 31' lang='grc'><em>.</em></span> 
     </span>
     <span class='ocr_line' id='line_1_7' title="bbox 354 1236 2483 1327; baseline -0.002 -18"><span class='ocrx_word' id='word_1_41' title='bbox 354 1238 551 1309; x_wconf 79' lang='lat' dir='ltr'>nimis</span> <span class='ocrx_word' id='word_1_42' title='bbox 589 1237 744 1305; x_wconf 86' lang='lat' dir='ltr'>viris</span> <span class='ocrx_word' id='word_1_43' title='bbox 783 1236 1220 1304; x_wconf 85' lang='lat' dir='ltr'>attribuerunt</span> <span class='ocrx_word' id='word_1_44' title='bbox 1252 1246 1482 1324; x_wconf 83' lang='lat' dir='ltr'>poetae,</span> <span class='ocrx_word' id='word_1_45' title='bbox 1516 1236 1756 1327; x_wconf 90' lang='lat' dir='ltr'>quippe</span> <span class='ocrx_word' id='word_1_46' title='bbox 1795 1257 1957 1324; x_wconf 90' lang='lat' dir='ltr'>quos</span> <span class='ocrx_word' id='word_1_47' title='bbox 1998 1246 2137 1303; x_wconf 91' lang='lat' dir='ltr'>tum</span> <span class='ocrx_word' id='word_1_48' title='bbox 2176 1238 2483 1306; x_wconf 84' lang='lat' dir='ltr'>adversus</span> 
     </span>
     <span class='ocr_line' id='line_1_8' title="bbox 352 1349 2481 1439; baseline 0 -20"><span class='ocrx_word' id='word_1_49' title='bbox 352 1353 569 1421; x_wconf 87' lang='lat' dir='ltr'>hostes</span> <span class='ocrx_word' id='word_1_50' title='bbox 599 1350 1011 1432; x_wconf 82' lang='lat' dir='ltr'>fortissimoS,</span> <span class='ocrx_word' id='word_1_51' title='bbox 1047 1360 1180 1416; x_wconf 89' lang='lat' dir='ltr'>tum</span> <span class='ocrx_word' id='word_1_52' title='bbox 1208 1359 1554 1437; x_wconf 90' lang='lat' dir='ltr'>parentum</span> <span class='ocrx_word' id='word_1_53' title='bbox 1585 1349 2184 1433; x_wconf 84' lang='lat' dir='ltr'>observantissimos</span> <span class='ocrx_word' id='word_1_54' title='bbox 2223 1371 2481 1439; x_wconf 81' lang='lat' dir='ltr'>expres-</span> 
     </span>
     <span class='ocr_line' id='line_1_9' title="bbox 353 1462 2476 1551; baseline -0.002 -16"><span class='ocrx_word' id='word_1_55' title='bbox 353 1465 578 1535; x_wconf 84' lang='lat' dir='ltr'>serint.</span> <span class='ocrx_word' id='word_1_56' title='bbox 617 1464 797 1543; x_wconf 85' lang='lat' dir='ltr'>Quod</span> <span class='ocrx_word' id='word_1_57' title='bbox 837 1473 908 1529; x_wconf 92' lang='lat' dir='ltr'>ut</span> <span class='ocrx_word' id='word_1_58' title='bbox 944 1462 1382 1544; x_wconf 84' lang='lat' dir='ltr'>confirmaret,</span> <span class='ocrx_word' id='word_1_59' title='bbox 1411 1462 1745 1551; x_wconf 81' lang='lat' dir='ltr'>AEschylus</span> <span class='ocrx_word' id='word_1_60' title='bbox 1771 1463 2137 1550; x_wconf 88' lang='lat' dir='ltr'>composuit</span> <span class='ocrx_word' id='word_1_61' title='bbox 2169 1463 2476 1546; x_wconf 83' lang='lat' dir='ltr'>fabulam,</span> 
     </span>
     <span class='ocr_line' id='line_1_10' title="bbox 350 1577 2480 1666; baseline 0.001 -21"><span class='ocrx_word' id='word_1_62' title='bbox 350 1579 615 1649; x_wconf 89' lang='lat' dir='ltr'>nomine</span> <span class='ocrx_word' id='word_1_63' title='bbox 655 1577 949 1646; x_wconf 88' lang='lat' dir='ltr'>Hectoris</span> <span class='ocrx_word' id='word_1_64' title='bbox 989 1577 1537 1665; x_wconf 83' lang='lat' dir='ltr'>redemptionem,</span> <span class='ocrx_word' id='word_1_65' title='bbox 1570 1577 1753 1666; x_wconf 89' lang='lat' dir='ltr'>cujus</span> <span class='ocrx_word' id='word_1_66' title='bbox 1793 1598 1869 1645; x_wconf 90' lang='lat' dir='ltr'>ex</span> <span class='ocrx_word' id='word_1_67' title='bbox 1904 1578 2301 1664; x_wconf 78' lang='lat' dir='ltr'>fragmentiS,</span> <span class='ocrx_word' id='word_1_68' title='bbox 2333 1599 2480 1666; x_wconf 80' lang='lat' dir='ltr'>quae</span> 
     </span>
     <span class='ocr_line' id='line_1_11' title="bbox 352 1689 2475 1780; baseline -0.001 -20"><span class='ocrx_word' id='word_1_69' title='bbox 352 1701 737 1780; x_wconf 86' lang='lat' dir='ltr'>supersunt,</span> <span class='ocrx_word' id='word_1_70' title='bbox 783 1690 1146 1758; x_wconf 87' lang='lat' dir='ltr'>existimare</span> <span class='ocrx_word' id='word_1_71' title='bbox 1184 1690 1331 1757; x_wconf 90' lang='lat' dir='ltr'>licet</span> <span class='ocrx_word' id='word_1_72' title='bbox 1368 1689 1699 1756; x_wconf 88' lang='lat' dir='ltr'>Priamum</span> <span class='ocrx_word' id='word_1_73' title='bbox 1745 1690 2057 1757; x_wconf 89' lang='lat' dir='ltr'>Achillem</span> <span class='ocrx_word' id='word_1_74' title='bbox 2093 1690 2475 1773; x_wconf 85' lang='lat' dir='ltr'>adeuntem,</span> 
     </span>
     <span class='ocr_line' id='line_1_12' title="bbox 350 1801 2481 1891; baseline 0 -20"><span class='ocrx_word' id='word_1_75' title='bbox 350 1814 431 1871; x_wconf 87' lang='lat' dir='ltr'>ut</span> <span class='ocrx_word' id='word_1_76' title='bbox 495 1804 611 1871; x_wconf 88' lang='lat' dir='ltr'>filii</span> <span class='ocrx_word' id='word_1_77' title='bbox 668 1824 903 1891; x_wconf 85' lang='lat' dir='ltr'>corpus</span> <span class='ocrx_word' id='word_1_78' title='bbox 963 1802 1271 1884; x_wconf 84' lang='lat' dir='ltr'>redimat,</span> <span class='ocrx_word' id='word_1_79' title='bbox 1333 1801 1623 1890; x_wconf 90' lang='lat' dir='ltr'>primum</span> <span class='ocrx_word' id='word_1_80' title='bbox 1688 1802 1936 1884; x_wconf 91' lang='lat' dir='ltr'>dicere,</span> <span class='ocrx_word' id='word_1_81' title='bbox 2005 1803 2181 1869; x_wconf 89' lang='lat' dir='ltr'>nulla</span> <span class='ocrx_word' id='word_1_82' title='bbox 2239 1802 2481 1891; x_wconf 85' lang='lat' dir='ltr'>injuria</span> 
     </span>
     <span class='ocr_line' id='line_1_13' title="bbox 349 1916 2478 2006; baseline -0.002 -21"><span class='ocrx_word' id='word_1_83' title='bbox 349 1937 541 2006; x_wconf 85' lang='lat' dir='ltr'>posse</span> <span class='ocrx_word' id='word_1_84' title='bbox 602 1916 770 1987; x_wconf 81' lang='lat' dir='ltr'>affici</span> <span class='ocrx_word' id='word_1_85' title='bbox 833 1926 1202 1998; x_wconf 90' lang='lat' dir='ltr'>mortuum,</span> <span class='ocrx_word' id='word_1_86' title='bbox 1257 1936 1452 2003; x_wconf 89' lang='lat' dir='ltr'>quem</span> <span class='ocrx_word' id='word_1_87' title='bbox 1511 1923 1731 1984; x_wconf 89' lang='lat' dir='ltr'>tamen</span> <span class='ocrx_word' id='word_1_88' title='bbox 1794 1916 2085 1982; x_wconf 91' lang='lat' dir='ltr'>vivorum</span> <span class='ocrx_word' id='word_1_89' title='bbox 2146 1936 2287 1982; x_wconf 90' lang='lat' dir='ltr'>esse</span> <span class='ocrx_word' id='word_1_90' title='bbox 2346 1936 2478 1984; x_wconf 91' lang='lat' dir='ltr'>non</span> 
     </span>
     <span class='ocr_line' id='line_1_14' title="bbox 350 2030 2480 2119; baseline -0.001 -21"><span class='ocrx_word' id='word_1_91' title='bbox 350 2032 678 2119; x_wconf 80' lang='lat' dir='ltr'>negligere</span> <span class='ocrx_word' id='word_1_92' title='bbox 736 2031 1133 2119; x_wconf 88' lang='lat' dir='ltr'>insepultum</span> <span class='ocrx_word' id='word_1_93' title='bbox 1164 2052 1181 2112; x_wconf 89' lang='lat'>;</span> <span class='ocrx_word' id='word_1_94' title='bbox 1245 2030 1523 2113; x_wconf 89' lang='lat' dir='ltr'>addere,</span> <span class='ocrx_word' id='word_1_95' title='bbox 1595 2051 1726 2118; x_wconf 87' lang='lat' dir='ltr'>quo</span> <span class='ocrx_word' id='word_1_96' title='bbox 1782 2030 2035 2097; x_wconf 85' lang='lat' dir='ltr'>facilius</span> <span class='ocrx_word' id='word_1_97' title='bbox 2095 2030 2348 2098; x_wconf 88' lang='lat' dir='ltr'>hostem</span> <span class='ocrx_word' id='word_1_98' title='bbox 2412 2030 2480 2097; x_wconf 91' lang='lat' dir='ltr'>in</span> 
     </span>
     <span class='ocr_line' id='line_1_15' title="bbox 349 2142 2472 2225; baseline -0.002 -13"><span class='ocrx_word' id='word_1_99' title='bbox 349 2164 535 2213; x_wconf 87' lang='lat' dir='ltr'>suam</span> <span class='ocrx_word' id='word_1_100' title='bbox 572 2144 847 2211; x_wconf 90' lang='lat' dir='ltr'>adducat</span> <span class='ocrx_word' id='word_1_101' title='bbox 880 2144 1312 2225; x_wconf 87' lang='lat' dir='ltr'>voluntatem,</span> <span class='ocrx_word' id='word_1_102' title='bbox 1355 2163 1423 2210; x_wconf 92' lang='lat' dir='ltr'>se</span> <span class='ocrx_word' id='word_1_103' title='bbox 1461 2163 1595 2210; x_wconf 90' lang='lat' dir='ltr'>non</span> <span class='ocrx_word' id='word_1_104' title='bbox 1633 2142 1821 2209; x_wconf 88' lang='lat' dir='ltr'>donis</span> <span class='ocrx_word' id='word_1_105' title='bbox 1850 2162 2122 2209; x_wconf 90' lang='lat' dir='ltr'>vacuum</span> <span class='ocrx_word' id='word_1_106' title='bbox 2161 2142 2413 2210; x_wconf 89' lang='lat' dir='ltr'>venisse</span> <span class='ocrx_word' id='word_1_107' title='bbox 2459 2164 2472 2207; x_wconf 93' lang='lat'>:</span> 
     </span>
     <span class='ocr_line' id='line_1_16' title="bbox 349 2246 2476 2350; baseline -0.002 -22"><span class='ocrx_word' id='word_1_108' title='bbox 349 2264 498 2350; x_wconf 76' lang='lat' dir='ltr'>quae</span> <span class='ocrx_word' id='word_1_109' title='bbox 537 2278 685 2327; x_wconf 90' lang='lat' dir='ltr'>cum</span> <span class='ocrx_word' id='word_1_110' title='bbox 736 2256 954 2325; x_wconf 88' lang='lat' dir='ltr'>inania</span> <span class='ocrx_word' id='word_1_111' title='bbox 1007 2277 1148 2324; x_wconf 89' lang='lat' dir='ltr'>esse</span> <span class='ocrx_word' id='word_1_112' title='bbox 1199 2256 1469 2338; x_wconf 87' lang='lat' dir='ltr'>sentiat,</span> <span class='ocrx_word' id='word_1_113' title='bbox 1510 2255 1856 2338; x_wconf 87' lang='lat' dir='ltr'>Achillem,</span> <span class='ocrx_word' id='word_1_114' title='bbox 1904 2246 1986 2323; x_wconf 91' lang='lat' dir='ltr'>ne</span> <span class='ocrx_word' id='word_1_115' title='bbox 2025 2255 2297 2323; x_wconf 89' lang='lat' dir='ltr'>nimium</span> <span class='ocrx_word' id='word_1_116' title='bbox 2347 2256 2476 2323; x_wconf 87' lang='lat' dir='ltr'>for-</span> 
     </span>
     <span class='ocr_line' id='line_1_17' title="bbox 350 2369 2475 2457; baseline 0.001 -20"><span class='ocrx_word' id='word_1_117' title='bbox 350 2379 525 2439; x_wconf 82' lang='lat' dir='ltr'>tunae</span> <span class='ocrx_word' id='word_1_118' title='bbox 559 2370 744 2453; x_wconf 84' lang='lat' dir='ltr'>fidat,</span> <span class='ocrx_word' id='word_1_119' title='bbox 788 2371 1177 2453; x_wconf 89' lang='lat' dir='ltr'>admonere,</span> <span class='ocrx_word' id='word_1_120' title='bbox 1221 2369 1412 2457; x_wconf 90' lang='lat' dir='ltr'>eique</span> <span class='ocrx_word' id='word_1_121' title='bbox 1451 2369 1647 2437; x_wconf 89' lang='lat' dir='ltr'>etiam</span> <span class='ocrx_word' id='word_1_122' title='bbox 1680 2369 2034 2437; x_wconf 86' lang='lat' dir='ltr'>fortissimo</span> <span class='ocrx_word' id='word_1_123' title='bbox 2071 2369 2257 2437; x_wconf 89' lang='lat' dir='ltr'>istius</span> <span class='ocrx_word' id='word_1_124' title='bbox 2300 2370 2475 2439; x_wconf 91' lang='lat' dir='ltr'>modi</span> 
     </span>
     <span class='ocr_line' id='line_1_18' title="bbox 347 2484 2478 2573; baseline 0 -21"><span class='ocrx_word' id='word_1_125' title='bbox 347 2506 571 2553; x_wconf 82' lang='lat' dir='ltr'>casum</span> <span class='ocrx_word' id='word_1_126' title='bbox 621 2485 936 2553; x_wconf 89' lang='lat' dir='ltr'>accidere·</span> <span class='ocrx_word' id='word_1_127' title='bbox 967 2505 1198 2573; x_wconf 83' lang='lat' dir='ltr'>posse3</span> <span class='ocrx_word' id='word_1_128' title='bbox 1262 2485 1498 2572; x_wconf 89' lang='lat' dir='ltr'>quibus</span> <span class='ocrx_word' id='word_1_129' title='bbox 1560 2505 1764 2572; x_wconf 89' lang='lat' dir='ltr'>quum</span> <span class='ocrx_word' id='word_1_130' title='bbox 1824 2484 1986 2551; x_wconf 90' lang='lat' dir='ltr'>nihil</span> <span class='ocrx_word' id='word_1_131' title='bbox 2052 2485 2478 2571; x_wconf 87' lang='lat' dir='ltr'>responderet</span> 
     </span>
     <span class='ocr_line' id='line_1_19' title="bbox 347 2589 2486 2685; baseline 0 -19"><span class='ocrx_word' id='word_1_132' title='bbox 347 2589 571 2682; x_wconf 86' lang='lat' dir='ltr'>victor,</span> <span class='ocrx_word' id='word_1_133' title='bbox 611 2600 958 2667; x_wconf 83' lang='lat' dir='ltr'>instantem</span> <span class='ocrx_word' id='word_1_134' title='bbox 994 2598 1322 2666; x_wconf 89' lang='lat' dir='ltr'>Priamum</span> <span class='ocrx_word' id='word_1_135' title='bbox 1360 2598 1501 2685; x_wconf 73' lang='lat' dir='ltr'>ejus</span> <span class='ocrx_word' id='word_1_136' title='bbox 1565 2597 1871 2666; x_wconf 88' lang='lat' dir='ltr'>ferociam</span> <span class='ocrx_word' id='word_1_137' title='bbox 1915 2598 2486 2666; x_wconf 90' lang='lat' dir='ltr'>vehementissime.</span> 
     </span>
     <span class='ocr_line' id='line_1_20' title="bbox 349 2712 2477 2801; baseline 0 -22"><span class='ocrx_word' id='word_1_138' title='bbox 349 2714 861 2800; x_wconf 84' lang='lat' dir='ltr'>reprehendere3</span> <span class='ocrx_word' id='word_1_139' title='bbox 906 2714 1166 2781; x_wconf 87' lang='lat' dir='ltr'>tandem</span> <span class='ocrx_word' id='word_1_140' title='bbox 1213 2714 1293 2779; x_wconf 92' lang='lat' dir='ltr'>ad</span> <span class='ocrx_word' id='word_1_141' title='bbox 1337 2714 1455 2781; x_wconf 90' lang='lat' dir='ltr'>hos</span> <span class='ocrx_word' id='word_1_142' title='bbox 1507 2712 1775 2780; x_wconf 80' lang='lat' dir='ltr'>affectus</span> <span class='ocrx_word' id='word_1_143' title='bbox 1826 2712 2190 2780; x_wconf 88' lang='lat' dir='ltr'>venientem</span> <span class='ocrx_word' id='word_1_144' title='bbox 2238 2712 2477 2801; x_wconf 88' lang='lat' dir='ltr'>quibus</span> 
     </span>
     <span class='ocr_line' id='line_1_21' title="bbox 350 2826 2474 2915; baseline 0 -22"><span class='ocrx_word' id='word_1_145' title='bbox 350 2826 754 2915; x_wconf 87' lang='lat' dir='ltr'>potissimum</span> <span class='ocrx_word' id='word_1_146' title='bbox 814 2826 1013 2893; x_wconf 85' lang='lat' dir='ltr'>animi</span> <span class='ocrx_word' id='word_1_147' title='bbox 1064 2826 1404 2893; x_wconf 90' lang='lat' dir='ltr'>hominum</span> <span class='ocrx_word' id='word_1_148' title='bbox 1450 2835 1856 2907; x_wconf 85' lang='lat' dir='ltr'>moveantur,</span> <span class='ocrx_word' id='word_1_149' title='bbox 1904 2826 2163 2893; x_wconf 88' lang='lat' dir='ltr'>Achillis</span> <span class='ocrx_word' id='word_1_150' title='bbox 2222 2835 2474 2914; x_wconf 90' lang='lat' dir='ltr'>patrem</span> 
     </span>
     <span class='ocr_line' id='line_1_22' title="bbox 348 2939 2472 3029; baseline 0 -22"><span class='ocrx_word' id='word_1_151' title='bbox 348 2949 681 3029; x_wconf 88' lang='lat' dir='ltr'>postremo</span> <span class='ocrx_word' id='word_1_152' title='bbox 754 2959 1265 3008; x_wconf 90' lang='lat' dir='ltr'>commemorare</span> <span class='ocrx_word' id='word_1_153' title='bbox 1334 2939 1435 3008; x_wconf 90' lang='lat' dir='ltr'>sui</span> <span class='ocrx_word' id='word_1_154' title='bbox 1510 2939 1823 3021; x_wconf 90' lang='lat' dir='ltr'>similem,</span> <span class='ocrx_word' id='word_1_155' title='bbox 1904 2949 1969 3007; x_wconf 89' lang='lat' dir='ltr'>et</span> <span class='ocrx_word' id='word_1_156' title='bbox 2046 2940 2319 3008; x_wconf 89' lang='lat' dir='ltr'>fortasse</span> <span class='ocrx_word' id='word_1_157' title='bbox 2393 2941 2472 3008; x_wconf 89' lang='lat' dir='ltr'>ad</span> 
     </span>
     <span class='ocr_line' id='line_1_23' title="bbox 348 3052 2466 3142; baseline -0.001 -19"><span class='ocrx_word' id='word_1_158' title='bbox 348 3054 602 3124; x_wconf 87' lang='lat' dir='ltr'>hostem</span> <span class='ocrx_word' id='word_1_159' title='bbox 638 3074 896 3142; x_wconf 90' lang='lat' dir='ltr'>quoque</span> <span class='ocrx_word' id='word_1_160' title='bbox 934 3063 1274 3122; x_wconf 90' lang='lat' dir='ltr'>venturum</span> <span class='ocrx_word' id='word_1_161' title='bbox 1299 3106 1316 3136; x_wconf 94' lang='lat'>,</span> <span class='ocrx_word' id='word_1_162' title='bbox 1371 3062 1445 3121; x_wconf 88' lang='lat' dir='ltr'>ut</span> <span class='ocrx_word' id='word_1_163' title='bbox 1492 3054 1686 3122; x_wconf 90' lang='lat' dir='ltr'>occisi</span> <span class='ocrx_word' id='word_1_164' title='bbox 1722 3053 1838 3121; x_wconf 87' lang='lat' dir='ltr'>filii</span> <span class='ocrx_word' id='word_1_165' title='bbox 1881 3073 2116 3142; x_wconf 88' lang='lat' dir='ltr'>corpus</span> <span class='ocrx_word' id='word_1_166' title='bbox 2157 3052 2466 3135; x_wconf 90' lang='lat' dir='ltr'>redimat,</span> 
     </span>
     <span class='ocr_line' id='line_1_24' title="bbox 351 3164 2471 3256; baseline 0 -20"><span class='ocrx_word' id='word_1_167' title='bbox 351 3164 587 3255; x_wconf 82' lang='lat' dir='ltr'>quibus</span> <span class='ocrx_word' id='word_1_168' title='bbox 625 3167 702 3233; x_wconf 91' lang='lat' dir='ltr'>ad</span> <span class='ocrx_word' id='word_1_169' title='bbox 743 3166 1225 3236; x_wconf 90' lang='lat' dir='ltr'>miserationem</span> <span class='ocrx_word' id='word_1_170' title='bbox 1264 3168 1653 3255; x_wconf 90' lang='lat' dir='ltr'>perductum</span> <span class='ocrx_word' id='word_1_171' title='bbox 1679 3167 1888 3234; x_wconf 90' lang='lat' dir='ltr'>virum</span> <span class='ocrx_word' id='word_1_172' title='bbox 1914 3166 2209 3236; x_wconf 88' lang='lat' dir='ltr'>Hectoris</span> <span class='ocrx_word' id='word_1_173' title='bbox 2235 3187 2471 3256; x_wconf 90' lang='lat' dir='ltr'>corpus</span> 
     </span>
     <span class='ocr_line' id='line_1_25' title="bbox 346 3279 851 3368; baseline -0.004 -21"><span class='ocrx_word' id='word_1_174' title='bbox 346 3279 690 3350; x_wconf 89' lang='lat' dir='ltr'>restituere</span> <span class='ocrx_word' id='word_1_175' title='bbox 729 3280 851 3368; x_wconf 73' lang='lat'>(1).</span> 
     </span>
    </p>

    <p class='ocr_par' dir='ltr' id='par_1_4' title="bbox 343 3378 2472 3939">
     <span class='ocr_line' id='line_1_26' title="bbox 439 3378 2464 3482; baseline 0.001 -25"><span class='ocrx_word' id='word_1_176' title='bbox 439 3392 614 3462; x_wconf 89' lang='lat' dir='ltr'>Idem</span> <span class='ocrx_word' id='word_1_177' title='bbox 666 3392 1073 3480; x_wconf 82' lang='lat' dir='ltr'>propositum</span> <span class='ocrx_word' id='word_1_178' title='bbox 1124 3394 1542 3482; x_wconf 86' lang='lat' dir='ltr'>persequitur</span> <span class='ocrx_word' id='word_1_179' title='bbox 1591 3378 1974 3482; x_wconf 80' lang='lat' dir='ltr'>SophocleS,</span> <span class='ocrx_word' id='word_1_180' title='bbox 2018 3392 2130 3481; x_wconf 91' lang='lat' dir='ltr'>qui</span> <span class='ocrx_word' id='word_1_181' title='bbox 2168 3391 2464 3480; x_wconf 88' lang='lat' dir='ltr'>Ajacem,</span> 
     </span>
     <span class='ocr_line' id='line_1_27' title="bbox 346 3506 2469 3595; baseline -0.001 -19"><span class='ocrx_word' id='word_1_182' title='bbox 346 3527 543 3594; x_wconf 88' lang='lat' dir='ltr'>quem</span> <span class='ocrx_word' id='word_1_183' title='bbox 572 3506 711 3595; x_wconf 84' lang='lat' dir='ltr'>jam</span> <span class='ocrx_word' id='word_1_184' title='bbox 754 3507 1216 3575; x_wconf 83' lang='lat' dir='ltr'>demonstravit</span> <span class='ocrx_word' id='word_1_185' title='bbox 1256 3507 1371 3575; x_wconf 89' lang='lat' dir='ltr'>filii</span> <span class='ocrx_word' id='word_1_186' title='bbox 1424 3528 1582 3576; x_wconf 55' lang='lat' dir='ltr'>esse&lt;</span> <span class='ocrx_word' id='word_1_187' title='bbox 1614 3507 2164 3589; x_wconf 85' lang='lat' dir='ltr'>amantissimum,</span> <span class='ocrx_word' id='word_1_188' title='bbox 2214 3526 2469 3573; x_wconf 89' lang='lat' dir='ltr'>summo</span> 
     </span>
     <span class='ocr_line' id='line_1_28' title="bbox 346 3619 2472 3710; baseline 0 -23"><span class='ocrx_word' id='word_1_189' title='bbox 346 3619 544 3690; x_wconf 85' lang='lat' dir='ltr'>etiam</span> <span class='ocrx_word' id='word_1_190' title='bbox 580 3620 794 3688; x_wconf 83' lang='lat' dir='ltr'>studio</span> <span class='ocrx_word' id='word_1_191' title='bbox 831 3631 1083 3710; x_wconf 91' lang='lat' dir='ltr'>patrem</span> <span class='ocrx_word' id='word_1_192' title='bbox 1123 3641 1198 3689; x_wconf 87' lang='lat' dir='ltr'>ac</span> <span class='ocrx_word' id='word_1_193' title='bbox 1233 3631 1505 3689; x_wconf 86' lang='lat' dir='ltr'>matrem</span> <span class='ocrx_word' id='word_1_194' title='bbox 1555 3623 1922 3710; x_wconf 81' lang='lat' dir='ltr'>amplexum</span> <span class='ocrx_word' id='word_1_195' title='bbox 1970 3620 2250 3689; x_wconf 89' lang='lat' dir='ltr'>ostendit</span> <span class='ocrx_word' id='word_1_196' title='bbox 2290 3641 2305 3685; x_wconf 74' lang='grc' dir='ltr'>ε</span> <span class='ocrx_word' id='word_1_197' title='bbox 2350 3638 2472 3688; x_wconf 88' lang='lat' dir='ltr'>nec</span> 
     </span>
     <span class='ocr_line' id='line_1_29' title="bbox 343 3735 2470 3825; baseline -0.003 -19"><span class='ocrx_word' id='word_1_198' title='bbox 343 3735 664 3806; x_wconf 86' lang='lat' dir='ltr'>bellorum</span> <span class='ocrx_word' id='word_1_199' title='bbox 700 3735 873 3806; x_wconf 89' lang='lat' dir='ltr'>curis</span> <span class='ocrx_word' id='word_1_200' title='bbox 908 3743 1167 3825; x_wconf 86' lang='lat' dir='ltr'>reputat</span> <span class='ocrx_word' id='word_1_201' title='bbox 1200 3756 1268 3803; x_wconf 87' lang='lat' dir='ltr'>se</span> <span class='ocrx_word' id='word_1_202' title='bbox 1311 3735 1715 3805; x_wconf 85' lang='lat' dir='ltr'>observantia</span> <span class='ocrx_word' id='word_1_203' title='bbox 1751 3735 1819 3804; x_wconf 89' lang='lat' dir='ltr'>in</span> <span class='ocrx_word' id='word_1_204' title='bbox 1855 3736 2257 3825; x_wconf 87' lang='lat' dir='ltr'>propinquos</span> <span class='ocrx_word' id='word_1_205' title='bbox 2296 3735 2470 3803; x_wconf 90' lang='lat' dir='ltr'>solu-</span> 
     </span>
     <span class='ocr_line' id='line_1_30' title="bbox 346 3848 2469 3939; baseline 0 -24"><span class='ocrx_word' id='word_1_206' title='bbox 346 3857 510 3917; x_wconf 90' lang='lat' dir='ltr'>tum.</span> <span class='ocrx_word' id='word_1_207' title='bbox 556 3851 616 3918; x_wconf 85' lang='lat' dir='ltr'>Is</span> <span class='ocrx_word' id='word_1_208' title='bbox 655 3848 828 3918; x_wconf 90' lang='lat' dir='ltr'>enim</span> <span class='ocrx_word' id='word_1_209' title='bbox 864 3850 1009 3919; x_wconf 83' lang='lat' dir='ltr'>vitae</span> <span class='ocrx_word' id='word_1_210' title='bbox 1045 3849 1363 3919; x_wconf 89' lang='lat' dir='ltr'>desiderio</span> <span class='ocrx_word' id='word_1_211' title='bbox 1407 3851 1770 3939; x_wconf 74' lang='lat' dir='ltr'>praesertim</span> <span class='ocrx_word' id='word_1_212' title='bbox 1817 3860 2075 3919; x_wconf 90' lang='lat' dir='ltr'>tenetur</span> <span class='ocrx_word' id='word_1_213' title='bbox 2124 3851 2297 3938; x_wconf 90' lang='lat' dir='ltr'>quod</span> <span class='ocrx_word' id='word_1_214' title='bbox 2336 3848 2469 3915; x_wconf 91' lang='lat' dir='ltr'>suis</span> 
     </span>
    </p>
   </div>
   <div class='ocr_carea' id='block_1_3' title="bbox 408 4107 1431 4174">
    <p class='ocr_par' dir='ltr' id='par_1_5' title="bbox 408 4107 1431 4174">
     <span class='ocr_line' id='line_1_31' title="bbox 408 4107 1431 4174; baseline 0.004 -18"><span class='ocrx_word' id='word_1_215' title='bbox 408 4107 479 4169; x_wconf 82' lang='lat'>(1)</span> <span class='ocrx_word' id='word_1_216' title='bbox 506 4108 730 4173; x_wconf 76' lang='lat' dir='ltr'>AEschyi.</span> <span class='ocrx_word' id='word_1_217' title='bbox 764 4110 947 4174; x_wconf 76' lang='lat' dir='ltr'>fragm.</span> <span class='ocrx_word' id='word_1_218' title='bbox 975 4111 1104 4163; x_wconf 73' lang='lat' dir='ltr'>Edit.</span> <span class='ocrx_word' id='word_1_219' title='bbox 1131 4111 1296 4162; x_wconf 77' lang='lat' dir='ltr'>nidot.</span> <span class='ocrx_word' id='word_1_220' title='bbox 1323 4111 1431 4160; x_wconf 83' lang='lat'><strong>187.</strong></span> 
     </span>
    </p>
   </div>
  </div>
 </body>
</html>
