3064 4949
596 626 1064 713 desperaverit,
1106 627 1499 713 praemonuit
1538 648 1620 694 ne
1642 628 2074 716 pessimorum
2106 628 2466 695 facinorum
2505 639 2738 696 aucto-

596 761 701 808 res
733 740 1148 808 haberentur.

684 851 782 918 Dii
820 862 1067 934 autem,
1113 871 1277 940 quos
1315 852 1404 919 ita
1438 852 1726 934 lacessit,
1775 853 1820 919 ii
1859 863 2039 936 sunt,
2078 865 2375 942 utsupra
2415 853 2731 936 diximuS‚

596 987 760 1054 quos
796 968 1074 1055 populus
1113 967 1409 1034 indoctus
1447 987 1521 1034 ac
1556 968 1773 1035 minus
1814 968 2069 1056 sapiens
2107 968 2210 1035 sui
2250 968 2492 1036 similes
2534 969 2737 1036 effin-

593 1081 716 1162 xit;
759 1101 889 1148 non
919 1080 1092 1148 enim
1130 1081 1456 1149 credimus
1493 1081 1870 1170 Euripidem
1902 1082 2248 1171 impietatis
2277 1085 2731 1170 arguendum,

597 1199 707 1264 sed
745 1196 1009 1264 eosdem
1058 1195 1391 1280 agnovisse
1441 1196 1596 1263 deos
1643 1217 1806 1285 quos
1855 1196 2149 1264 Socrates
2198 1198 2477 1286 optimos
2514 1198 2736 1266 domi-

596 1331 715 1379 nos
751 1312 1116 1400 appellabat
1162 1319 1226 1377 et
1273 1331 1341 1377 se
1386 1310 1750 1376 invisurum
1805 1331 2107 1399 sperans,
2156 1312 2339 1379 laetus
2402 1312 2736 1380 morieba-

596 1433 704 1491 tur
741 1424 863 1512 (1).
925 1424 1267 1491 Testantur
1311 1424 1531 1491 multae
1576 1424 1807 1491 fabulae
1867 1425 2041 1492 hunc
2093 1435 2350 1513 poetam
2395 1426 2737 1494 censuisse

595 1558 973 1626 supremum
1011 1558 1154 1605 esse
1193 1558 1475 1619 numen,
1519 1546 1585 1604 et
1626 1547 1874 1604 castum
1914 1549 1977 1605 et
2004 1538 2293 1625 justum,
2335 1539 2448 1627 qui
2485 1539 2733 1607 libero-

598 1671 746 1716 rum
794 1649 861 1717 in
911 1659 1126 1737 patres
1179 1649 1407 1717 delicta
1455 1649 1724 1738 castigat
1760 1650 1895 1738 (2),
1948 1659 2012 1717 et
2047 1661 2308 1738 patrum
2345 1653 2566 1740 culpas
2613 1654 2730 1720 de-

595 1764 765 1850 legat
821 1763 1136 1831 universae
1197 1763 1371 1850 genti
1411 1763 1512 1852 (3)
1556 1786 1569 1829 :
1618 1773 1937 1831 testantur
1993 1764 2134 1831 haec
2189 1764 2422 1845 verba,
2485 1783 2632 1850 quae
2687 1783 2732 1829 a

601 1876 914 1966 Sophocle
955 1877 1125 1944 dicta
1160 1878 1419 1959 credas,

1094 2036 1336 2102 Ὃρμᾶται
1369 2037 1530 2100 μόλις,
1556 2037 1660 2086 ἀλλ’
1695 2039 1825 2099 ὅμως

1088 2127 1261 2174 πιστὸν
1279 2125 1335 2174 τό
1365 2142 1421 2187 γε
1443 2127 1572 2174 θεῖον

980 2254 995 2263 ,
1088 2213 1271 2269 σθένος·
1301 2214 1561 2262 ἀπευθύνει
1587 2212 1641 2259 δὲ
1670 2214 1856 2276 βροτῶν

1090 2302 1202 2357 τούς
1219 2301 1260 2349 τ’
1285 2301 1637 2363 ἀγνωμοσύναν

1087 2394 1325 2451 τιμῶντας
1352 2422 1576 2436 ......

1368 2512 1378 2523 .
1409 2512 1422 2524 .
1455 2511 1467 2523 .
1496 2478 1554 2524 οὒ

1086 2563 1179 2627 γὰρ
1204 2562 1434 2626 κρεῖσσόν
1454 2578 1576 2611 ποτε
1598 2566 1696 2611 τῶν
1722 2561 1886 2623 νόμων

1087 2651 1378 2712 γιγνώσκει,ν
1399 2651 1492 2714 χρὴ
1519 2650 1604 2698 καὶ
1631 2651 1831 2711 μελετᾶν
1858 2646 1948 2709 (4).

595 2781 749 2863 Sed,
816 2801 1019 2869 quum
1080 2801 1156 2847 ea
1218 2791 1435 2849 essent
1498 2779 1909 2847 audientibus
1986 2779 2314 2847 intellectu
2389 2779 2676 2847 difficilia
2704 2833 2722 2861 ‚

597 2894 940 2984 Euripides
1016 2894 1231 2982 potius
1298 2895 1688 2982 plerumque
1760 2893 1988 2961 habuit
2056 2904 2415 2983 praecepta,
2492 2894 2729 2961 fabulis

598 3010 960 3093 enuntiata,
1004 3011 1287 3076 humana
1334 3030 1529 3097 quam
1577 3008 1793 3077 divina
1842 3009 2220 3076 auctoritate
2272 3008 2532 3076 sanciri.
2580 3009 2729 3077 Non

598 3124 771 3192 enim
828 3145 866 3190 a
926 3122 1080 3206 diis,
1149 3122 1243 3189 uti
1302 3123 1541 3190 infidus
1602 3123 1945 3205 HerculeS,
2019 3124 2130 3191 sed
2190 3123 2269 3189 ab
2322 3143 2522 3190 uxore
2572 3109 2728 3190 .laso

597 3259 793 3326 poena
868 3237 1169 3318 afficitur,
1234 3257 1366 3304 non
1438 3258 1477 3304 a
1544 3237 1899 3304 manifestis
1970 3236 2177 3304 Furiis
2244 3237 2530 3319 OresteS‚
2610 3236 2729 3304 sed

595 3351 990 3420 conscientia
1016 3351 1279 3419 sceleris
1306 3360 1646 3438 torquetur
1670 3351 1797 3441 (5),
1828 3371 1948 3418 nec
1963 3349 2297 3439 judicatur
2327 3350 2406 3416 ab
2430 3348 2730 3438 Apolline

596 3476 659 3535 et
695 3466 1020 3547 Minerva,
1063 3465 1175 3532 sed
1215 3465 1295 3532 ab
1332 3464 1583 3551 Argivis
1631 3464 1877 3533 civibus
1929 3464 2157 3553 capitis
2195 3466 2539 3533 damnatur
2576 3463 2677 3552 (6)
2705 3487 2724 3546 ;

662 3626 736 3687 (1)
764 3624 925 3674 Plato.
949 3623 1160 3673 Phoedo.

659 3712 734 3775 (2)
760 3712 1033 3763 PheniceS.
1054 3713 1279 3775 passim.

661 3800 736 3862 (3)
757 3799 987 3863 Euripid.
1010 3800 1235 3851 Orestes.
1264 3799 1404 3850 1005.
1433 3825 1495 3836 —
1517 3799 1723 3864 Hippol.
1749 3799 1889 3850 1380.

659 3887 733 3950 (4)
758 3887 989 3937 Bacchae.
1013 3888 1124 3937 882.

668 3975 740 4038 (5)
763 3974 994 4038 Euripid.
1020 3975 1189 4026 Orest.
1219 3974 1331 4025 395.

665 4063 737 4130 (6)
760 4062 889 4113 Ibid.
