3064 4949
1200 481 1555 549 ..29-

314 614 666 708 agnoscere
690 674 706 703 ,
739 642 936 709 seque
975 643 1114 689 esse
1145 623 1713 690 sceleratissimum
1741 623 2079 692 hominum
2117 627 2201 694 ob
2238 629 2441 715 patris

315 741 665 804 aerumnas.
715 758 751 802 (ε
787 734 925 803 Jovi
974 735 1168 803 etiam
1212 736 1453 803 assidet
1492 736 1872 819 clementia,
1917 738 2186 827 supplex
2223 740 2443 807 clami-

316 848 530 932 tabat,
577 858 640 916 et
677 849 825 932 tibi,
868 858 1075 938 pater,
1118 850 1313 917 adsit?
1345 850 1455 918 Est
1492 851 1596 917 his
1627 871 1771 938 quae
1801 852 2206 939 peccavimus
2234 839 2447 921 reme-¹

317 963 522 1030 dium.
567 964 730 1043 Quid
769 965 992 1032 taces?
1039 965 1331 1053 Loquere
1391 964 1770 1052 aliquandO,
1835 986 1955 1033 nec
2006 986 2110 1034 me
2171 988 2441 1054 prorsus

317 1078 614 1165 repellas,
657 1077 780 1147 Vos
826 1078 1085 1160 saltem,
1139 1098 1428 1160 sororeS,
1482 1099 1554 1145 os
1599 1078 1800 1166 patris
1849 1081 2141 1147 clausum
2186 1101 2444 1151 movere

317 1191 673 1274 conamini,
737 1212 841 1259 ne>
883 1201 1174 1279 spretum
1242 1212 1345 1259 me
1413 1191 1726 1275 dimittat,
1808 1213 1926 1260 nec
1993 1194 2189 1261 verbo
2257 1216 2444 1264 exce·

318 1315 502 1394 ptum
533 1306 660 1393 (1).
705 1327 739 1370 1>
781 1306 1041 1393 Itaque,
1108 1304 1474 1393 conjunctis.
1529 1307 1868 1393 precibuS,
1939 1316 2002 1374 et
2062 1329 2320 1376 sorores
2383 1320 2447 1377 et

317 1420 643 1487 adstantes
673 1440 915 1487 omnes
977 1439 1199 1487 senem
1255 1419 1626 1507 implorant.
1674 1420 1917 1499 Quibus
1974 1421 2230 1488 tandem
2269 1423 2444 1491 AEdi-

316 1554 443 1622 pus
485 1555 500 1598 ε
554 1555 589 1600 c
626 1533 1017 1601 Persuasum
1052 1533 1320 1616 habete,
1363 1533 1521 1616 viri,
1564 1534 1812 1622 inquit,
1854 1534 2071 1617 illum,
2137 1535 2260 1602 nisi
2318 1537 2446 1605 huc

318 1647 547 1715 fuisset
594 1647 907 1716 adductus
958 1668 995 1714 a
1044 1668 1233 1734 rege,
1291 1647 1557 1734 dignum
1608 1647 2006 1716 existimante
2058 1669 2252 1736 quem
2291 1650 2444 1719 allo·

319 1779 580 1849 querer,
639 1783 973 1850 nunquam
1025 1782 1239 1829 meam
1292 1783 1513 1830 vocem
1574 1763 1949 1830 auditurum
2008 1765 2238 1846 fuisse,
2299 1785 2448 1835 mox

318 1895 469 1942 vero
508 1875 830 1958 discedet,
871 1874 1106 1943 auditis
1145 1895 1220 1942 ex
1260 1895 1364 1941 me
1418 1875 1495 1941 iis
1548 1896 1696 1962 quae
1741 1896 2075 1964 nunquam
2115 1877 2255 1945 vitae
2292 1879 2448 1946 laeti-

322 1970 478 2054 tiam
522 1986 813 2054 afferant.
869 1987 1068 2070 Nam,
1123 2007 1161 2054 o
1211 1987 1699 2069 scelestissime,
1752 1997 1936 2054 tuum
1997 1987 2135 2077 ipse
2194 2000 2444 2077 patrem

319 2100 491 2167 hunc
528 2100 859 2188 expulisti,
903 2100 1240 2189 patriaque
1277 2099 1521 2187 ejecisti
1555 2100 1805 2168 exulem
1827 2154 1843 2183 ,
1879 2123 2085 2189 eoque
2114 2104 2447 2170 redactum

319 2225 395 2280 ut
442 2214 543 2281 his
592 2212 974 2283 indueretur
1018 2215 1338 2297 vestibus,
1387 2215 1623 2302 quibus
1689 2215 2002 2303 aspectiS,
2073 2215 2441 2284 illacrimas.

320 2328 476 2395 Haec
510 2343 660 2394 vero
696 2314 810 2395 tibi
847 2329 1242 2417 deploranda
1288 2349 1420 2396 non
1467 2337 1653 2411 sunt,
1707 2331 1819 2396 sed
1864 2328 2021 2395 mihi
2073 2331 2441 2414 toleranda,

320 2463 734 2536 quocumque
783 2443 974 2511 modo
1033 2442 1272 2525 vivam,
1328 2442 1660 2530 parricidii
1723 2443 1815 2510 tui
1875 2444 2258 2512 memoriam
2319 2465 2449 2512 ser-

318 2557 527 2639 vanti3
590 2566 698 2624 tua
760 2557 935 2624 enim
995 2576 1194 2644 opera
1255 2557 1567 2644 profugus
1623 2556 1703 2623 ab
1778 2556 1921 2623 aliis
1952 2562 1959 2569 '
1995 2558 2444 2646 quotidianum

319 2670 555 2738 victum
593 2671 949 2739 emendic0.
991 2669 1458 2753 Quamobrem,
1503 2679 1567 2738 te
1615 2671 1775 2738 deus
1828 2671 2143 2754 intuetur,
2176 2656 2448 2763 jamjam

320 2786 690 2867 ulturus...,
748 2806 900 2853 nam
951 2785 1251 2852 concides
1302 2785 1655 2871 sanguine,
1704 2806 1832 2852 una
1868 2807 2014 2853 cum
2053 2786 2252 2854 fratre
2295 2797 2441 2868 tuo,

318 2899 719 2988 inquinatus,
784 2899 937 2968 Haec
1001 2920 1119 2987 ego
1179 2898 1359 2966 vobis
1422 2909 1487 2966 et
1544 2893 1731 2967 antea
1792 2900 2185 2992 imprecatus
2259 2922 2442 2982 sum;

322 3012 569 3100 hasque
608 3012 782 3079 diras
813 3033 1040 3079 rursus
1065 3013 1320 3100 appello
1345 3021 1448 3095 ut,
1485 3012 1936 3080 auxiliantibus
1966 3013 2156 3095 mihi,
2185 3034 2446 3101 aequum

322 3146 463 3194 esse
502 3126 865 3213 intelligatis
902 3136 1202 3214 parentes
1240 3127 1568 3194 observari
1608 3148 1726 3194 nec
1763 3126 2015 3215 injuriis
2054 3126 2221 3194 affici
2252 3126 2377 3215 (2).
2408 3150 2441 3192 1>

412 3241 690 3310 Innucre
735 3250 951 3307 tamen
1008 3240 1198 3309 liceat
1245 3241 1383 3310 haec
1432 3240 1628 3308 verba
1673 3241 1874 3309 videri
1928 3242 2225 3329 graviora
2246 3294 2263 3323 ,
2318 3243 2445 3310 cle-

386 3432 460 3496 (1)
487 3433 705 3496 Sophoc.
728 3433 896 3496 AEdip.
923 3434 1020 3483 col.
1046 3432 1279 3495 moa-80,
1298 3435 1528 3496 passim.

385 3546 459 3609 (2)
491 3549 673 3613 Τοιγὰρ
703 3549 748 3597 σ’
774 3550 800 3598 ὸ
827 3549 1014 3611 δαίμων
1039 3551 1266 3614 εἰσορᾷ...

485 3670 1119 3685 ................
1147 3639 1320 3700 αἵματι

480 3719 626 3764 πἐσεῖ
648 3717 858 3778 μιανθεὶς
877 3717 951 3779 χώ
973 3717 1199 3780 ξύναιμος
1216 3718 1265 3772 ἐξ
1285 3718 1415 3766 ἴσου.

484 3803 684 3852 Τοιάσδ’
712 3804 831 3867 ἀρὰς
858 3809 991 3867 σφῷν
1016 3804 1200 3869 πρόσθε
1221 3806 1261 3853 τ’
1287 3805 1473 3865 ἐξανῆκ’
1500 3804 1598 3868 ἐγὼ

481 3896 565 3941 νῦν
590 3892 632 3942 τ’
661 3892 968 3955 ἀγκαλοῦμαι
991 3893 1270 3957 ξυμμάχους
1297 3894 1451 3944 ἐλθεῖν
1477 3894 1612 3956 ἐμοὶ,

479 3980 540 4029 ἵν’
567 3981 769 4037 άξιῶτον
789 3982 902 4038 τοὺς
924 3981 1253 4044 φυτεύσαντας
1274 3982 1470 4044 κήδειν,

482 4069 564 4116 καὶ
590 4070 654 4130 μὴ
679 4067 1086 4131 ’ξατιμάζητον...
1123 4067 1252 4117 Ibid.
1277 4066 1514 4128 1348-78‚
1540 4069 1766 4130 passim.
