3064 4949
1179 479 1530 550 ...67-

1037 780 1290 849 CAPUT
1337 779 1716 861 QUINTUM.

362 995 444 1043 DE
490 993 763 1043 DIVERSA
808 993 1147 1045 POETARUM
1197 991 1409 1043 MENTE
1455 992 1537 1040 Ac
1583 990 1865 1041 RATIONE
1912 989 2349 1041 CONFIRMANDI

1011 1107 1369 1157 DOMESTICA
1417 1107 1693 1158 OFFICIA.

382 1256 525 1325 Non
566 1254 933 1323 absolutum
974 1276 1012 1322 a
1049 1274 1154 1322 me
1192 1265 1563 1342 susceptum
1600 1274 1763 1341 opus
1801 1253 2099 1336 arbitrer,
2142 1253 2197 1321 si
2235 1254 2424 1322 omit-

294 1375 471 1433 tatur
508 1366 681 1433 haud
718 1386 1191 1454 supervacanea
1227 1366 1468 1433 mentio
1509 1367 1587 1433 de
1614 1365 1791 1432 varia
1828 1375 2167 1454 poetarum
2205 1376 2423 1434 mente

294 1502 373 1548 ac
408 1481 658 1548 ratione
707 1481 1131 1549 confirmandi
1181 1489 1509 1570 praecepta
1561 1502 1708 1568 quae
1757 1480 1837 1548 de
1876 1481 2245 1549 domesticis
2284 1482 2425 1550 offi-

298 1595 415 1662 ciis
458 1596 741 1663 tradunt.

383 1709 753 1777 Doctrinam
811 1728 942 1776 non
1002 1709 1293 1775 humana
1348 1708 1726 1776 auctoritate
1788 1707 2005 1776 firmat
2052 1710 2420 1797 AEschyluS,

293 1824 409 1891 sed
467 1823 621 1891 deos
670 1823 739 1889 in
790 1824 1022 1890 domus
1064 1822 1499 1911 patrocinium
1558 1824 1859 1904 advocat,
1927 1843 2167 1910 eosque
2230 1822 2425 1911 hujus

292 1936 652 2025 disciplinae
705 1937 1104 2018 conditoreS,
1170 1946 1690 2024 propugnatores
1750 1957 1826 2004 ac
1876 1936 2157 2005 vindices
2205 1937 2419 2005 habet.

294 2050 461 2118 Illud
499 2051 734 2117 chorus
764 2070 894 2117 non
921 2052 1118 2137 semel
1141 2049 1451 2138 praedicat
1485 2071 1499 2114 :
1541 2071 1576 2116 (ι
1606 2050 1872 2135 Negavit
1911 2050 2142 2136 aliquis
2172 2049 2427 2136 dignari

294 2165 451 2231 deos
491 2185 710 2232 curam
762 2165 1003 2232 habere
1047 2163 1418 2237 mortalium
1463 2185 1500 2230 a
1547 2163 1786 2251 quibus
1836 2183 2169 2230 sacrarum
2204 2183 2427 2230 rerum

293 2280 492 2347 decus
526 2280 974 2360 conculcetur3
1017 2280 1127 2346 sed
1168 2278 1274 2345 ille
1312 2277 1548 2365 impius
1587 2278 1711 2345 fuit
1749 2279 1873 2368 (1).
1920 2301 1955 2345 >>
1996 2279 2138 2347 Non
2169 2279 2422 2367 procul,

292 2411 427 2459 non
478 2414 553 2460 ex
612 2393 740 2459 alto
792 2391 1092 2481 Olympo,
1157 2391 1279 2464 hoc
1339 2412 1580 2458 munus
1642 2401 1977 2474 exercent3
2041 2392 2190 2474 sed,
2254 2393 2428 2459 velut

292 2508 467 2593 apud
505 2506 859 2573 Homerum
890 2506 1054 2572 Mars
1087 2515 1147 2572 et
1176 2506 1388 2573 Venus
1416 2505 1483 2571 in
1512 2525 1773 2593 campos
1810 2505 2121 2593 Trojanos
2162 2508 2427 2574 descen-

293 2620 458 2686 dunt
498 2631 570 2686 ut
607 2620 927 2687 manifesti
964 2629 1288 2708 pugnent,
1346 2621 1435 2686 ita
1473 2620 1768 2708 AEschylo
1819 2620 2028 2707 placet
2062 2621 2130 2687 in
2166 2642 2454 2689 scenam·

294 2735 450 2801 deos
507 2733 748 2801 induci.
805 2733 986 2821 Saepe
1038 2734 1266 2815 etiam,
1320 2734 1414 2801 uti
1462 2735 1531 2800 in
1581 2734 1814 2816 Iliade,
1880 2735 2163 2803 diversas
2211 2746 2427 2822 partes

295 2857 681 2934 sequuntur,
736 2848 978 2935 quippe
1029 2848 1290 2935 ApolIO,
1347 2868 1550 2935 quum
1602 2849 2153 2934 Agamemnonem
2203 2870 2240 2916 a
2296 2850 2428 2939 Cly-

293 2973 664 3031 taemnestra
704 2963 985 3029 occisum
1028 2984 1065 3029 a
1104 2962 1237 3029 filio
1288 2962 1600 3029 vindicari
1636 2962 1896 3050 jubeat,
1943 2963 2051 3052 jus
2101 2965 2300 3052 patris
2353 2986 2426 3033 ac

294 3078 512 3144 mariti
548 3087 792 3159 tuetur,
835 3077 1114 3144 Minerva
1153 3098 1415 3165 quoque
1438 3129 1453 3158 ,
1497 3077 1651 3165 quia
1689 3097 1821 3144 non
1861 3099 1937 3146 ex
1972 3079 2245 3147 muliere
2275 3089 2425 3147 nata

298 3201 394 3258 est
432 3192 566 3281 (2),
605 3191 812 3259 Oresti
850 3191 1047 3274 favet;
1089 3211 1284 3278 quem
1325 3212 1477 3259 vero
1516 3191 1838 3278 exagitant
1877 3183 2126 3276 Furiae,
2172 3203 2245 3261 ut
2279 3214 2426 3281 par-

293 3305 505 3373 ricidii
549 3327 775 3394 poenas
817 3313 1136 3392 repetant.
1195 3305 1321 3371 Est·
1355 3305 1539 3392 quasi
1596 3326 1814 3393 pugna
1858 3306 2029 3373 inter
2067 3317 2314 3377 veteres
2365 3319 2430 3377 et

291 3419 584 3506 juniores
625 3420 780 3486 deos
834 3442 848 3486 :
903 3418 967 3485 in
1010 3418 1410 3507 Apollinem,
1465 3419 1716 3486 consilii
1755 3431 2120 3504 auctorem,
2172 3426 2426 3511 culpam

295 3533 601 3600 transfert
635 3533 924 3611 Orestes;
979 3532 1189 3599 Furiae
1237 3534 1450 3619 ipsum
1505 3532 1822 3599 Phoebum
1870 3534 2204 3623 increpant
2243 3559 2257 3603 ε
2308 3560 2342 3604 ((
2380 3536 2430 3605 Ο

294 3655 501 3714 mater
561 3647 734 3729 Nox,
803 3645 993 3727 audi,
1061 3646 1325 3714 Latonae
1379 3646 1553 3713 filius
1597 3648 1911 3715 honorem
1963 3649 2119 3716 mihi
2170 3651 2426 3735 adimit,

292 3760 460 3828 hanc
500 3760 705 3827 feram
757 3760 1071 3847 eripienS,
1138 3769 1432 3852 materno
1488 3759 1803 3849 sanguine
1860 3763 2164 3833 foedatam
2217 3764 2339 3853 (3).
2392 3788 2426 3831 ›>

353 3896 429 3959 (1)
460 3897 646 3959 Agam.
678 3895 788 3945 369.

356 3983 432 4045 (2)
456 3983 682 4047 AEschyl.
708 3984 928 4034 Eumen.
955 3983 1061 4033 736.

369 4070 442 4133 (3)
462 4071 590 4120 Ibid.
617 4070 728 4119 321.
