3064 4949
1430 475 1783 546 ...58....

546 635 621 684 ac
655 616 782 684 fide
829 626 1094 705 superet
1133 618 1252 704 (1).
1310 618 1403 685 Ita
1456 617 1797 706 Euripides
1850 629 1988 685 tum
2034 612 2387 686 acerrimus
2437 598 2706 683 mulie-

486 791 492 797 .
544 752 694 801 rum
728 731 1100 815 insectator,
1155 735 1307 799 tum'
1345 733 1614 800 eximius
1662 734 1982 817 laudator,
2035 749 2233 822 supra
2282 742 2705 800 memorata-

545 866 692 914 rum
747 855 811 914 et
861 846 1242 934 Iphigeniae,
1302 858 1366 915 et
1416 847 1728 930 Hecubae,
1790 858 1852 916 et
1896 846 2374 915 Andromaches
2424 856 2704 916 cetera-

543 979 822 1048 rumque
856 962 1218 1049 praeconio,
1273 963 1444 1029 haud
1495 963 1822 1043 immerito
1859 963 2160 1030 habetur.
2211 962 2343 1030 Nec
2379 961 2704 1050 corrupit

543 1073 868 1157 homineS‚
911 1095 1030 1142 nec
1067 1077 1148 1142 ab
1192 1077 1564 1144 excellentia
1600 1076 1834 1165 poetici
1871 1076 2195 1160 muneris,
2253 1086 2328 1143 ut
2363 1075 2699 1143 mentitus

500 1197 650 1281 „est
703 1188 1168 1278 Aristophanes
1231 1189 1326 1278 (2)
1347 1242 1363 1272 ,
1442 1191 1709 1259 omnino
1768 1191 2139 1273 declinavit,
2203 1191 2533 1278 multaque
2593 1188 2700 1256 de

547 1301 772 1389 officiis
812 1304 1159 1393 conjugum
1217 1315 1542 1394 praecepta
1562 1359 1579 1388 ‚
1636 1316 1773 1373 turn
1813 1326 1889 1373 ex
1926 1304 2067 1395 ejus
2099 1304 2364 1386 fabuliS,
2419 1313 2559 1371 tum
2597 1284 2694 1371 ex

547 1426 914 1485 ceterorum
954 1419 1262 1506 operibus
1296 1429 1596 1507 excerpta
1646 1420 1717 1486 in
1762 1436 1959 1487 manu
1995 1416 2311 1487 babemus
2350 1438 2364 1483 ε
2408 1418 2489 1485 de
2526 1418 2693 1506 qui-

546 1531 667 1598 bus
704 1551 880 1600 nunc
914 1533 1388 1601 disserendum.
1420 1576 1425 1581 -
2501 1550 2506 1555 ·

636 1645 748 1713 Vir
797 1646 1005 1736 poetis
1053 1648 1331 1715 habetur
1380 1647 1642 1715 familiae
1692 1648 1820 1714 dux
1871 1658 1935 1714 et
1980 1647 2289 1734 magister
2329 1656 2687 1735 rectorque

547 1757 781 1829 domus
801 1814 819 1844 ,
861 1783 1058 1850 quem
1094 1783 1375 1850 praeesse
1421 1763 1608 1830 decet
1637 1782 1762 1830 nec
1795 1762 2089 1830 mulieris
2134 1761 2432 1850 potestati
2467 1762 2707 1828 obno-f

545 1873 723 1940 xium
758 1875 961 1943 videri
1005 1898 1020 1942 ε
1063 1877 1131 1945 id
1172 1877 1253 1943 ab
1290 1876 1602 1964 Euripide
1640 1877 1929 1964 perbene
1983 1876 2493 1944 demonstratum
2543 1884 2674 1942 est.

547 1987 801 2055 Etenim
820 2042 838 2072 ,
902 2001 1140 2078 praeter
1204 1992 1378 2079 quod
1438 1990 1738 2058 Alcestim
1797 2010 1919 2079 pro
1979 1990 2119 2058 viro
2178 1990 2346 2058 mori
2404 2008 2682 2076 prorsus

547 2112 898 2188 repugnet,
959 2103 1084 2170 nisi
1145 2102 1544 2180 existimetur
1592 2103 1722 2169 vita
1769 2102 2052 2170 hominis
2101 2101 2394 2169 mulieris
2436 2101 2679 2168 animae

545 2215 736 2302 longe
788 2226 1138 2304 praestans,
1198 2237 1304 2284 res
1368 2226 1591 2305 aperte
1651 2216 2038 2298 declaratur,
2102 2215 2357 2283 dicente
2421 2214 2679 2281 Electra

549 2350 857 2398 conversa
905 2332 987 2398 ad
1048 2352 1285 2419 corpus
1319 2330 1530 2399 occisi
1585 2330 1871 2419 AEgysthi
1932 2352 1946 2396 ε
2007 2352 2042 2397 <t
2094 2330 2185 2396 Ex
2238 2327 2489 2416 Argivis
2535 2328 2678 2396 haec

550 2445 861 2515 audiebas
909 2467 924 2513 t
976 2446 1084 2515 ille
1136 2446 1360 2535 nupsit
1414 2446 1709 2530 mulieri,
1764 2465 1895 2514 non
1949 2449 2166 2513 autem
2216 2443 2453 2512 mulier
2506 2443 2670 2511 viro.

548 2560 1022 2649 Turpissimum
1058 2562 1216 2630 illud
1265 2584 1303 2629 a
1344 2561 1620 2629 muliere
1656 2582 1789 2629 non
1826 2582 1864 2628 a
1899 2561 2037 2629 viro
2072 2560 2213 2648 regi
2249 2562 2517 2628 domum
2538 2607 2555 2641 ,
2611 2568 2678 2627 et
2733 2573 2743 2583 ·

549 2675 793 2743 liberos
838 2676 950 2743 odi
997 2677 1116 2765 qui·
1156 2696 1286 2745 non
1325 2677 1528 2765 patris
1577 2696 1816 2744 nomen
1853 2677 1964 2744 sed
2017 2676 2242 2743 matris
2279 2673 2573 2742 obtinent
2608 2673 2677 2740 in

552 2787 802 2855 civitate
841 2786 964 2876 (3).
1011 2810 1047 2853 >i
1555 2788 1560 2793 '
2709 2875 2714 2878 .

641 2900 735 2969 Ne
794 2910 1009 2969 tamen
1071 2911 1261 2991 putes
1320 2903 1443 2970 hac
1494 2902 1872 2990 praestantia
1916 2902 2053 2969 viro
2092 2901 2202 2989 jus
2254 2899 2519 2968 attribui
2567 2920 2679 2967 ex·-

551 3016 773 3106 plendi
822 3016 1158 3085 libidinem
1197 3027 1262 3085 et
1322 3016 1389 3083 in
1451 3026 1676 3105 stupra
1741 3026 1806 3083 et
1847 3016 2185 3106 ,adulteria
2241 3026 2487 3084 temere
2524 3035 2678 3104 pro-

560 3130 795 3199 ruendi
848 3154 862 3196 t
917 3151 1120 3219 quum
1166 3131 1339 3198 enirn
1388 3151 1469 3197 ex
1510 3129 1834 3197 veteribus
1895 3129 2234 3197 clarissimi
2292 3132 2683 3218 plerumque

490 3332 494 3335 Α
556 3244 1024 3333 perhibeantur
1057 3264 1190 3311 una
1227 3263 1378 3312 cum
1416 3243 1701 3331 legitima
1736 3264 1936 3311 uxore
1982 3243 2322 3311 mulierem
2367 3241 2682 3330 captivam

551 3358 858 3427 habuisse
895 3358 1072 3427 domi
1112 3357 1544 3425 concubinam
1565 3410 1582 3439 ‚
1623 3358 1838 3425 datam
1877 3358 2345 3428 consuetudine
2391 3378 2467 3424 ac
2513 3354 2681 3443 legi·-

613 3547 686 3609 (1)
709 3546 941 3609 Euripid.
963 3545 1192 3609 Supplic.
1218 3544 1358 3598 1061.

613 3634 689 3698 (2)
710 3633 1037 3696 Aristophan.
1066 3629 1253 3694 Ranae,
1271 3634 1497 3695 passim.

610 3720 686 3783 (3)
708 3720 770 3772 Ὃ
792 3728 876 3781 τῆς
897 3721 1124 3784 γυναικὸς
1137 3755 1153 3780 ,η
1176 3721 1287 3783 οὐχι
1309 3721 1509 3785 τάνδρὸς
1529 3724 1561 3779 ἠ
1583 3722 1719 3783 γυνῆ·

711 3810 874 3859 καίτοι
897 3810 980 3859 τόδ
1009 3810 1212 3873 αἰσχρὸν
1227 3846 1240 3870 ,
1260 3813 1554 3874 προστατεῖν
1575 3825 1631 3871 γε
1659 3809 1897 3871 δωμάτων

705 3900 916 3959 γυναῖκα
935 3933 948 3957 ,
973 3897 1038 3958 μὴ
1061 3897 1143 3947 τὸν
1168 3896 1337 3960 ἄνδρα·
1360 3895 1614 3949 κάκείνους
1642 3900 1804 3957 στυγῶ

709 3986 821 4042 τοὺς
848 3984 1050 4044 παῖδας,
1081 3986 1215 4040 ὅστις
1236 3989 1324 4033 τοῦ
1351 3983 1435 4045 μὲν
1461 3983 1664 4047 ἄρσενος
1688 3984 1871 4046 πατρὸς

710 4073 804 4122 οὐκ
833 4071 1145 4135 ὠνόμασται,
1169 4076 1254 4129 τῆς
1275 4071 1329 4120 δὲ
1352 4072 1528 4134 μητρὸς
1557 4071 1607 4119 ὲν
1629 4070 1788 4121 πόλει.
1846 4068 2077 4133 Euripidi
2106 4069 2299 4119 Electr.
2318 4067 2427 4118 931.
