3064 4949
1493 485 1848 554 ...64-

600 629 735 715 pite
772 629 1096 717 plectitur,
1138 629 1390 718 hocque
1425 639 1807 715 argumento
1846 627 2110 718 Apollo,
2161 649 2303 697 rem
2348 650 2468 718 pro
2507 631 2750 699 Oreste

604 762 837 829 agenS,
902 743 1127 827 utitur,
1188 744 1334 832 qui,
1396 754 1472 811 ut
1513 745 1796 812 rationes
1851 764 1888 812 a
1952 744 2160 812 Furiis
2212 746 2432 813 allatas
2487 746 2744 828 diluat,

608 881 644 925 (1
682 852 1054 945 conjugium
1091 856 1230 924 viro
1268 878 1344 925 ac
1377 858 1638 926 mulieri
1676 858 1822 926 fatis
1866 859 2257 927 destinatum
2297 871 2424 942 est,
2477 859 2743 948 inquit,

605 982 672 1040 et
694 971 1124 1061 jurejurando
1173 972 1527 1056 sacratum,
1576 983 1641 1041 et
1689 995 1727 1041 a
1762 973 2020 1042 Justitia
2063 974 2408 1042 munitum.
2455 997 2489 1039 ))
2533 975 2748 1042 Eum-

604 1088 786 1171 dem,
828 1096 990 1156 teste
1025 1087 1362 1176 Euripide,
1405 1108 1776 1157 sermonem
1821 1090 1973 1158 facit
2009 1089 2154 1177 qui,
2204 1091 2375 1178 apud
2428 1090 2738 1179 ArgiVOS,

601 1202 807 1271 Oresti
845 1202 1323 1291 patrocinatur3
1365 1202 1588 1270 censet
1624 1203 1801 1270 enim
1839 1204 2283 1271 coronandum
2328 1205 2480 1292 qui,
2531 1204 2746 1272 inter-

601 1317 767 1386 fecta
816 1317 1017 1406 impia
1065 1317 1373 1400 muliere,
1424 1327 1678 1406 patrem
1726 1317 1902 1384 ultus
1954 1318 2067 1401 sit,
2118 1339 2268 1386 cum
2316 1338 2509 1386 nemo
2554 1320 2743 1388 inve-

602 1433 821 1500 niatur
857 1433 970 1521 qui
1007 1432 1285 1500 militare
1329 1432 1519 1516 velit,
1576 1433 1661 1516 si,
1720 1432 1943 1502 relicta
1980 1434 2206 1516 dome,
2250 1434 2546 1501 custodes
2583 1455 2741 1501 cor-

602 1547 812 1636 ruptis
850 1546 1157 1613 uxoribus
1187 1557 1486 1635 stuprum
1523 1547 1805 1616 inferant
1831 1547 1934 1635 (1).
1981 1546 2411 1626 Quamobrem
2447 1547 2517 1614 in
2552 1549 2740 1615 adul-

601 1672 774 1731 teras
809 1663 1230 1731 animadverti
1263 1663 1475 1752 patria
1508 1664 1650 1753 ipsa
1681 1663 1891 1752 jubet.
2365 1723 2374 1727 ,

692 1779 978 1861 Etenim,
1032 1778 1312 1862 Helena,
1368 1779 1578 1846 soluta
1630 1778 1939 1848 connubii
1979 1777 2138 1862 fide,
2182 1776 2450 1845 Graeciae
2480 1786 2543 1845 et
2580 1777 2738 1843 uni-

600 1912 804 1975 versae
852 1892 1026 1980 genti
1081 1891 1270 1960 exitio
1322 1902 1440 1960 est.
1497 1894 1821 1981 Namque,
1880 1893 1934 1960 si
1997 1891 2210 1960 Paridi
2278 1901 2446 1958 sese·
2472 1890 2736 1980 rapien-

602 2007 752 2074 dam
791 2026 921 2073 non
953 2006 1389 2095 permisisset,
1433 2027 1598 2089 non,
1645 2016 1921 2105 mactata
1958 1996 2140 2089 filia,
2164 2006 2448 2073 duxisset
2483 2005 2734 2073 bellum

601 2123 1036 2209 AgamemnO,
1087 2142 1240 2205 nec,
1304 2122 1387 2189 ob
1445 2122 1952 2211 profectionem,
2013 2140 2268 2188 summa
2325 2119 2496 2186 mala
2517 2119 2609 2185 -in
2658 2139 2736 2186 se

602 2246 797 2325 atque
844 2237 910 2303 in
964 2257 1116 2304 suos
1171 2236 1537 2304 adduxisset
1589 2257 1734 2324 quae
1781 2236 2000 2303 omnia
2057 2245 2208 2302 sunt
2242 2234 2501 2301 Helenae
2546 2233 2734 2300 attri-
2845 2278 2850 2281 -

600 2350 882 2419 buenda.
929 2350 1109 2418 Hanc
1144 2350 1366 2438 igitur,
1408 2361 1721 2438 tanquam
1754 2346 2077 2418 malorum
2114 2369 2405 2431 causam,
2448 2368 2735 2415 exsecra-

601 2474 710 2533 tur
753 2465 1041 2552 primum
1086 2464 1420 2554 AEschylus
1467 2464 1872 2534 calamitosas
1928 2474 2311 2533 narraturus
2361 2463 2529 2532 vices
2565 2463 2735 2531 Atri-

600 2580 864 2662 darum,
895 2601 1091 2667 quam
1116 2579 1266 2648 dicit
1294 2580 1597 2664 navibuS,
1632 2580 1786 2647 viris
1802 2633 1830 2663 ,,
1849 2580 2123 2648 urbibus
2153 2579 2343 2648 exitio
2373 2578 2573 2646 fuisse
2598 2577 2726 2666 (Ξ).

565 2693 802 2774 'Quam
863 2714 1087 2762 omnes
1146 2695 1404 2784 probris
1466 2716 1543 2763 ac
1601 2694 1959 2763 maledictis
2016 2704 2290 2764 onerant
2342 2716 2355 2759 :
2414 2693 2676 2762 Hecuba
2705 2746 2725 2775 ,

601 2809 874 2893 scilicet,
915 2830 1121 2899 quum
1158 2810 1357 2879 filiam
1398 2809 1795 2880 immolaturi
1828 2819 2008 2893 sunt,
2044 2810 2124 2877 ab
2155 2809 2402 2878 Achille
2440 2808 2733 2877 clamitat

598 2924 733 3012 peti
792 2924 1156 3013 oportuisse
1220 2927 1518 3015 sepulcro
1576 2924 1902 2992 victimam
1955 2925 2267 2993 Helenam
2315 2942 2460 3012 quae
2509 2921 2729 3010 ipsum

597 3038 958 3125 perdiderit
1002 3039 1125 3129 (3).
1190 3040 1498 3108 Eamdem
1559 3038 1773 3126 arguit
1841 3039 2291 3107 Andromache
2365 3037 2446 3105 de
2515 3044 2728 3103 morte

598 3153 1025 3242 Astyanacti&
1066 3175 1264 3243 quam
1304 3164 1514 3223 ortam
1551 3153 1706 3222 dicit
1744 3175 1819 3222 ex
1855 3155 2025 3245 malo
2064 3153 2265 3223 Genio
2289 3206 2307 3236 ,
2343 3174 2417 3219 ex
2454 3151 2726 3234 Invidia,

601 3276 663 3338 et
701 3268 917 3351 Caede,
983 3279 1047 3337 et
1102 3270 1306 3339 Morte
1328 3323 1345 3354 ,
1398 3269 1758 3358 perniciem
1817 3269 2108 3338 barbaris
2170 3261 2234 3337 et
2290 3267 2565 3351 GraeciS‚
2642 3267 2731 3335 ob

597 3380 820 3450 oculos
854 3383 1132 3471 turpiter
1167 3382 1436 3471 inclytos
1465 3383 1589 3471 (4).
1634 3383 1967 3454 Postremo
1993 3383 2335 3472 Euripides
2364 3381 2734 3450 Menelaum

596 3496 875 3579 inducit,
921 3498 989 3565 in
1071 3498 1388 3586 perfidam
1468 3518 1736 3567 uxorem
1820 3499 2187 3567 saevientem
2217 3552 2233 3581 ,
2336 3516 2734 3585 summoque

600 3613 891 3681 omnium
947 3613 1179 3701 plausu
1201 3667 1217 3695 ,
1286 3633 1426 3681 eam
1487 3613 1776 3681 crinibus
1847 3615 2318 3702 apprehensam
2387 3612 2736 3700 jubentem

660 3828 734 3894 (1)
763 3830 996 3894 Euripid.
1025 3832 1194 3882 Orest.
1221 3832 1334 3883 924.

658 3917 733 3982 (2)
765 3919 990 3982 AEschyl.
1013 3921 1199 3984 Agam.
1226 3919 1340 3971 681.

657 4006 733 4072 (3)
762 4007 995 4071 Euripid.
1028 4008 1228 4060 Hecub.
1262 4008 1373 4060 265.

659 4096 734 4160 (4)
763 4096 991 4160 Euripid,
1018 4095 1198 4146 Troad.
1224 4096 1335 4146 761.
