3064 4949
1490 549 1579 561 .-
1621 508 1709 579 36
1756 551 1844 564 .-

601 653 969 720 dividendas
997 651 1209 738 gladio
1232 640 1532 739 paternas
1563 674 1719 743 opes
1756 652 2199 743 increpatione
2241 653 2488 740 tragica
2522 654 2730 720 addu-

596 777 898 837 cerentur
935 766 1060 856 (1).
1103 766 1281 846 Quod
1320 776 1452 834 tam
1490 769 2113 838 commune‘malum
2153 778 2441 837 evaserat
2478 777 2551 835 ut
2584 769 2730 835 laus

595 882 938 970 singularis
975 881 1328 965 videretur,
1384 883 1438 950 si
1476 884 1625 971 quis
1671 905 1822 953 cum
1859 883 2089 966 fratre,
2134 883 2274 951 sine
2314 884 2485 966 rixa,
2540 884 2729 952 here-

591 997 851 1064 ditatem
902 997 1276 1086 partiretur,
1330 996 1553 1086 Itaque
1600 997 2020 1085 magistratus
2066 997 2328 1084 quidam
2376 996 2441 1064 id
2489 995 2558 1062 in
2609 997 2731 1064 ho—

588 1131 818 1179 norem
868 1121 932 1179 et
975 1111 1248 1200 gratiam
1298 1113 1468 1201 apud
1517 1123 1812 1179 senatum
1857 1110 2253 1193 vindicabat,
2304 1132 2372 1179 se
2425 1110 2726 1178 videlicet

587 1226 785 1295 fuisse
844 1227 919 1293 in
975 1246 1269 1295 sororem
1327 1246 1750 1313 generosum,
1817 1246 1937 1294 nec
1997 1225 2383 1315 aequabilem
2448 1223 2723 1293 omnino

586 1341 1003 1429 partitionem
1053 1340 1334 1427 exegisse
1382 1339 1505 1429 (2).
1559 1341 1683 1410 Res
1711 1341 1925 1428 igitur
1980 1328 2356 1427 gravissima
2419 1359 2551 1406 non
2603 1337 2730 1405 fuit

585 1454 696 1538 iis,
741 1456 975 1545 quibus
1014 1455 1439 1537 attendimus,
1484 1476 1745 1524 morum
1782 1455 2146 1542 magistris,
2192 1454 2330 1521 sine
2367 1453 2717 1541 exemplis,

585 1567 724 1636 sine
761 1568 1104 1657 praeceptis
1136 1568 1690 1657 praetermittenda
1723 1590 1737 1635 :
1768 1569 2005 1656 quibus
2043 1577 2270 1636 contra
2311 1566 2723 1655 propositum

588 1692 684 1750 est
710 1682 1028 1771 ejusmodi
1060 1682 1275 1751 officia
1305 1683 1525 1750 multis
1552 1682 1951 1770 argumentis
1982 1682 2244 1749 firmare
2278 1691 2343 1749 et
2366 1681 2720 1749 illustrare.

675 1797 856 1876 Quod
893 1807 963 1866 ut
1012 1808 1537 1886 assequerentur,
1598 1799 1766 1865 hanc
1818 1795 2304 1865 demonstrandi
2358 1796 2718 1879 rationem,

586 1932 783 2001 quam
844 1912 911 1978 in
973 1906 1367 1999 supradictis
1432 1911 1828 1994 invenimus,
1902 1910 2369 1993 adhibuerunt,
2438 1910 2715 1994 scilicet,

585 2047 785 2114 quam
827 2027 909 2094 sit
944 2027 1216 2094 decorus
1254 2047 1329 2093 ac
1367 2045 1733 2113 congruens
1769 2025 2038 2092 cuilibet
2078 2024 2251 2092 aetati
2280 2032 2344 2092 et
2370 2024 2722 2111 conditioni

585 2137 910 2207 fraternus
947 2160 1132 2208 amor
1169 2140 1627 2221 ostenderunt,
1675 2159 2011 2227 quamque
2048 2138 2464 2205 inhonestum
2502 2158 2586 2215 ac,
2615 2137 2719 2204 fu-

582 2264 839 2323 nestum
877 2256 1122 2324 odium.
1167 2255 1457 2334 Quorum
1495 2254 1766 2336 fabulis,
1822 2275 2027 2342 quum
2058 2253 2362 2341 tragaedia
2389 2241 2721 2341 principes

581 2375 646 2434 et
683 2387 903 2454 regeS,
948 2388 1078 2455 quo
1118 2367 1199 2435 sit
1235 2368 1698 2436 documentum
1727 2366 2083 2453 insignius,
2127 2367 2494 2434 in·scenam
2535 2365 2720 2433 indu-

577 2490 710 2564 cat,
753 2482 834 2549 'in
883 2482 1051 2550 hanc
1098 2504 1360 2571 quoque
1405 2503 1665 2550 causam
1710 2482 1951 2550 Atridae
2001 2491 2331 2550 vocantur.
2379 2481 2672 2568 Namque
2698 2533 2716 2562 ,

575 2598 747 2685 apud
787 2595 1168 2687 Euripidem
1189 2651 1205 2681 ,
1237 2600 1787 2687 Agamemnonem
1808 2598 2099 2666 videmus
2123 2608 2313 2686 atque
2343 2596 2710 2664 Menelaum

575 2712 657 2779 de
715 2712 1111 2781 immolanda
1169 2713 1501 2801 Iphigenia
1565 2714 1736 2781 inter
1803 2734 1870 2781 se
1936 2713 2216 2780 rixantes
2243 2765 2260 2795 ,
2326 2712 2714 2799 diversaque

572 2826 844 2895 utilitate
883 2837 1269 2895 commotam
1310 2827 1745 2911 discordiam,
1780 2846 1930 2896 cum
1967 2838 2151 2917 pater
2187 2826 2384 2894 filiam
2425 2836 2712 2907 tueatur,

571 2942 737 3009 hanc
772 2963 925 3010 vero
961 2943 1222 3011 Helenae
1260 2942 1524 3031 conJUX,
1582 2952 1655 3010 ut
1702 2964 1968 3011 uxorem
2000 2951 2379 3031 recuperet,
2433 2950 2723 3009 *conetur

569 3058 869 3145 perdere.
915 3057 1068 3140 Qui,
1113 3058 1488 3146 interceptis
1517 3058 1750 3125 litteris
1782 3058 2019 3147 quibus
2058 3041 2170 3127 rexi
2207 3057 2716 3147 Clytaemnestrae

568 3171 915 3237 mandabat
972 3191 1053 3238 ne
1112 3171 1311 3238 filiam
1383 3171 1452 3238 in
1509 3182 1718 3240 castra
1787 3172 2138 3239 adduceret
2166 3225 2182 3255 ,
2248 3172 2516 3238 fratrem
2580 3168 2720 3236 adit

569 3282 1048 3351 contumeliosis
1087 3282 1335 3364 verbiS,
1385 3304 1419 3349 «
1461 3282 1614 3350 huic
1653 3281 1947 3350 animum
2007 3303 2147 3351 esse
2184 3282 2553 3350 instabilem
2590 3302 2713 3350 nec

568 3397 771 3465 fidum
810 3396 1070 3479 amiciS,
1113 3397 1266 3465 olim
1308 3397 1664 3465 demissum
1703 3398 1904 3466 fuisse
1937 3420 2035 3468 ,ac
2072 3397 2432 3487 supplicem
2468 3397 2711 3492 utim-

569 3513 825 3601 perium
879 3512 1240 3595 obtineret,
1307 3514 1481 3600 quod
1543 3523 1890 3603 postquam
1949 3512 2031 3580 sit
2090 3520 2509 3595 consecutuS,
2574 3510 2716 3579 aliis

571 3627 919 3715 assumptis
971 3626 1261 3696 moribus
1286 3681 1303 3710 ,
1347 3628 1588 3697 amicis
1639 3626 1933 3717 pristinis
1990 3648 2120 3695 non
2173 3626 2261 3694 ita
2305 3625 2716 3694 familiariter

570 3747 763 3808 usum
802 3740 1002 3809 fuisse
1042 3739 1164 3830 (3).
1211 3763 1244 3806 ))
1310 3740 1455 3826 Qua
1508 3741 1964 3830 objurgatione
2019 3740 2173 3809 satis
2221 3739 2565 3810 manifeSta
2616 3750 2715 3809 est

626 3938 702 4002 (1)
733 3939 998 3993 Plutarch.
1029 3940 1105 3990 De
1128 3940 1379 3990 Fraterno
1404 3953 1622 4002 amore,
1653 3940 1743 3989 XI.

632 4025 709 4089 (2)
745 4027 948 4091 Lysias,
980 4028 1079 4077 Pro
1103 4028 1415 4090 MantitheO,
1446 4028 1472 4091 g
1503 4027 1584 4076 10.

627 4113 704 4177 (3)
738 4115 916 4179 Eurip.
947 4116 1111 4179 Iphig.
1134 4116 1190 4165 in
1221 4116 1340 4166 Aul.
1373 4116 1582 4166 334-45.
