3064 4949
1457 488 1811 558 -10—

582 629 945 697 officiorum
983 630 1050 697 i‘n
1089 631 1364 720 patriam
1390 632 1473 700 sit
1494 632 1779 721 optimus
1808 641 2093 701 assertor
2124 641 2699 721 propugnatorque

575 744 966 829 acerrimus,
1024 767 1101 814 ea
1158 755 1374 814 tamen
1435 747 1571 814 vult
1629 755 1900 836 paterno
1958 747 2162 815 amori
2219 748 2474 815 cedere.
2544 744 2698 834 Ejus

575 869 859 928 mentem
899 863 1183 930 declarat
1218 862 1469 950 insigne
1506 861 2003 949 Agamemnonis
2052 862 2436 948 exemplum.
2489 860 2699 939 Quum

575 974 784 1058 enim,
825 977 1048 1044 Aulide
1068 1030 1084 1060 ‚
1137 976 1373 1059 Graeci,
1425 976 1680 1066 Trojam
1739 976 2124 1066 profecturi,
2182 977 2498 1044 secundos
2545 992 2698 1042 ven-

574 1098 792 1157 torum
853 1090 1045 1160 flatus
1105 1101 1584 1181 exspectarent,
1650 1091 1740 1160 dii
1796 1092 2139 1181 jusserunt
2206 1088 2701 1177 Agamemnonis

574 1202 775 1271 filiam
854 1204 1175 1274 immolari
1196 1259 1212 1289 ,
1293 1214 1367 1273 ut
1437 1206 1702 1274 daretur
1766 1207 1847 1274 ad
1908 1205 2181 1273 Asiatica
2240 1204 2457 1272 littora
2515 1204 2704 1272 classi

575 1319 884 1408 appulsus
926 1320 1047 1408 (1).
1092 1320 1186 1387 Ita
1223 1318 1438 1388 infelix
1477 1328 1664 1408 pater
1698 1340 1736 1387 a
1772 1328 1961 1408 poeta
2009 1317 2339 1386 inducitur
2381 1316 2703 1384 contraria

575 1431 746 1500 inter
782 1431 909 1501 duo
943 1434 1154 1501 officia
1189 1434 1478 1515 haerenS,
1522 1453 1673 1500 cum
1708 1433 1936 1521 patriae
1974 1431 2354 1499 utilitatibus
2393 1430 2703 1499 inservire

577 1566 708 1612 non
746 1548 981 1629 valeat,
1027 1546 1149 1613 nisi
1188 1546 1618 1614 sacratissima
1655 1555 1903 1614 naturae
1938 1545 2332 1632 familiaeque
2369 1543 2521 1632 jura
2556 1564 2703 1632 per-

576 1658 837 1746 fringat.
905 1659 1061 1728 Haec
1113 1680 1331 1727 secum
1394 1660 1592 1747 agitat
1644 1668 2022 1747 secretaque
2090 1658 2516 1727 aestimatione
2566 1678 2710 1746 per-

578 1772 831 1862 pendit,
895 1775 1174 1841 arduum
1216 1773 1459 1843 scilicet
1505 1774 1720 1842 divina
1770 1774 2032 1841 oracula
2077 1772 2459 1854 detrectari,
2522 1790 2706 1839 acer-

576 1887 735 1954 bum
782 1908 1044 1976 quoque
1091 1897 1156 1956 et
1204 1889 1571 1957 luctuosum
1632 1888 1864 1971 filiam,
1917 1896 2372 1955 ornamentum
2439 1887 2702 1969 domuS,

578 1999 783 2067 occidi
839 2022 852 2067 ε
904 2001 1060 2089 quid
1097 2022 1286 2084 veru,
1339 2001 1463 2069 nisi
1512 2001 1653 2069 haec
1700 2001 1869 2067 mala
1917 1999 2220 2088 patiatur,
2274 1998 2708 2066 eventurum?

578 2114 747 2183 Num
774 2115 928 2199 sibi,
961 2116 1231 2203 proditis
1264 2116 1478 2199 sociiS,
1508 2126 1702 2184 naves
1741 2137 1815 2183 ac
1855 2115 2098 2211 bellum
2137 2115 2439 2182 deserere
2473 2112 2708 2181 liceat?

578 2227 731 2319 Quae
803 2230 1018 2318 magni
1088 2230 1399 2297 momenti
1465 2228 1880 2297 incitamenta
1950 2238 2296 2317 postquam
2379 2226 2710 2316 explicavit

581 2341 915 2431 AEschylus
954 2346 1414 2432 confessusque
1444 2353 1543 2412 est
1576 2364 1798 2431 regem
1827 2342 2208 2412 necessitate
2244 2353 2537 2410 coactum
2576 2341 2705 2408 fato

581 2455 977 2525 ineluctabili
1016 2458 1344 2547 paruisse,
1388 2459 1454 2526 in
1493 2480 1645 2528 eum
1681 2469 1898 2527 tamen
1920 2458 2335 2527 vehementer
2357 2456 2703 2538 invehitur,

583 2571 878 2659 hancque
917 2572 1325 2640 describendi
1362 2573 1661 2641 sacrificii
1693 2574 2010 2640 rationem
2042 2571 2306 2640 adhibet
2347 2591 2474 2659 qua
2510 2569 2709 2658 potis-

586 2676 824 2743 simum
872 2677 938 2744 in
981 2679 1528 2765 Agamemnonem
1577 2678 1799 2747 odium
1845 2678 2232 2760 concitetur;
2290 2696 2486 2765 quem
2532 2675 2705 2743 enim

586 2790 865 2878 effingit,
924 2801 1171 2860 mutato
1224 2792 1527 2874 consili0‚
1592 2792 1860 2881 impiam
1922 2791 2257 2860 audaciam
2315 2790 2670 2878 spirantem
2692 2841 2707 2871 ‚

588 2906 988 2996 Iphigeniam
1064 2928 1217 2976 vero
1303 2907 1473 2996 patri
1542 2907 1851 2996 gentique
1922 2906 2387 2995 imprecantem
2463 2923 2715 2971 summa

588 3021 779 3088 mala.
824 3020 960 3089 Imo
993 3022 1179 3110 quasi
1208 3022 1482 3089 horrens
1521 3019 1736 3088 addit:
1781 3041 1817 3087 c<
1846 3019 2019 3108 quod
2050 3029 2342 3087 secutum
2371 3022 2469 3085 est
2503 3037 2716 3105 neque

591 3134 720 3202 vidi
754 3155 966 3222 neque
1005 3136 1182 3219 dico,
1224 3146 1394 3204 arte‘s
1433 3145 1649 3203 autem
1696 3133 2055 3203 Calchantis
2101 3153 2232 3200 non
2279 3133 2545 3200 fuerunt
2581 3132 2717 3199 sine

591 3267 930 3331 successu,
1007 3251 1118 3318 sed
1186 3248 1439 3337 justitia
1511 3249 1853 3318 manifesta
1901 3269 2061 3315 -cum
2126 3246 2324 3314 radiis
2386 3245 2717 3313 matutinis

589 3363 804 3431 veniet
843 3385 876 3429 ))
921 3363 1046 3452 (2).

683 3477 1060 3567 EuripideS,
1123 3478 1241 3546 etsi
1298 3478 1795 3565 Agamemnonis
1857 3475 2200 3544 consilium
2258 3493 2388 3541 non
2448 3471 2714 3561 probat,

598 3613 748 3660 eum
788 3601 1007 3659 tamen
1043 3612 1176 3659 non
1228 3602 1362 3660 tam
1400 3581 1631 3660 acerbe
1660 3576 2007 3686 increpat,
2064 3589 2334 3678 ejusque
2376 3605 2721 3676 personam

596 3704 685 3772 ita
747 3705 909 3791 agit,
975 3706 1065 3773 ita
1122 3715 1468 3795 temperat,
1536 3716 1605 3772 ut
1666 3705 1807 3794 ejus
1855 3705 2058 3773 vicem
2118 3702 2335 3792 potius
2391 3702 2721 3769 doleamus

593 3839 788 3908 quam
829 3840 979 3887 eum
1020 3840 1449 3889 exsecremur.
1485 3820 1727 3907 Regem
1754 3819 1930 3887 enim
1959 3838 2162 3906 quum
2195 3815 2489 3884 ostendat
2525 3812 2722 3879 filiam

653 3984 729 4048 (1)
760 3985 986 4049 AEschyl.
1016 3986 1200 4049 Agam.
1218 3983 1443 4049 passim.

656 4071 731 4135 (2)
764 4071 916 4135 Ibid.,
947 4070 1185 4136 200-255,
1209 4073 1436 4135 passim.
