3064 4949
1272 527 1354 538 -
1400 489 1485 558 13
1532 527 1621 538 .-

386 629 913 698 demonstrabant
946 628 1285 697 libationes
1315 629 1675 718 sepulchris
1706 629 2061 718 impositae;
2103 651 2261 718 quas
2298 631 2506 698 omitti

385 744 647 812 crudele
698 744 1103 833 impiumque
1153 744 1510 828 videbatur,
1568 765 1719 812 nam
1778 745 2163 813 credebatur
2210 754 2506 814 mortuus

386 857 556 926 fame
593 858 887 926 laborare
935 878 1008 926 ac
1054 858 1525 946 negligentibus
1564 858 1778 926 irasci.
1834 859 2058 946 Itaque
2105 857 2244 927 haec
2292 859 2507 927 officia

385 973 525 1061 lege
553 973 760 1062 jussa,
804 973 1041 1061 quibus
1079 973 1260 1062 fungi
1303 973 1580 1042 debebat
1615 973 1727 1062 qui
1762 974 1951 1042 heres
1990 974 2340 1041 vocabatur
2375 973 2497 1063 (1).

386 1085 582 1152 Multa
643 1086 814 1173 apud
883 1094 1105 1174 poetas
1184 1086 1473 1174 exempla
1548 1106 1622 1153 ac
1697 1095 2024 1173 praecepta
2089 1094 2443 1153 occurrunt
2486 1107 2500 1151 :

386 1199 763 1289 inscriptam
800 1199 992 1267 habet
1027 1200 1314 1268 fabulam
1353 1212 1599 1275 Χοήφοροι
1634 1201 1998 1289 AEschylus;
2042 1200 2215 1289 apud
2261 1201 2507 1289 Sopho-

387 1314 584 1397 clem,
639 1313 1111 1403 Chrysothemis
1172 1325 1236 1382 et
1297 1315 1438 1404 ipsa
1475 1315 1953 1405 Clytaemnestra
1993 1316 2102 1382 dat
2157 1315 2505 1384 libamenta

385 1428 890 1516 Agamemnoni,
947 1449 1094 1497 mox
1133 1429 1329 1497 etiam
1368 1428 1801 1518 spectabimus
1837 1428 2226 1516 Antigonen,
2282 1430 2508 1518 capitis

387 1543 715 1631 periculo,
774 1542 950 1631 justa
1012 1544 1197 1611 fratri
1261 1544 1736 1632 persolventem
1801 1553 1873 1611 ut
1937 1543 2182 1632 Elysios
2245 1564 2507 1633 campos

386 1657 594 1746 possit
628 1657 934 1740 invisere,
977 1667 1068 1740 et,
1111 1659 1194 1726 ob
1228 1658 1325 1741 id,
1368 1669 1738 1748 sperantem
1781 1659 1919 1725 fore
1978 1667 2052 1725 ut
2111 1668 2370 1726 mortuo
2426 1658 2510 1726 sit

388 1785 671 1862 accepta.

378 1948 383 1953 .
478 1887 567 1955 Ea
619 1887 816 1974 igitur
872 1886 1082 1975 poetis
1142 1887 1409 1955 omnino
1469 1888 1712 1957 arridet
1771 1888 2087 1956 sententia
2148 1909 2294 1976 quae
2354 1886 2556 1956 dicit‘

386 2011 732 2091 parentum
777 2022 852 2070 ac
899 2001 1418 2091 propinquorum
1467 2002 1858 2071 commercia
1896 2012 2105 2070 morte
2142 2023 2272 2070 non
2309 2003 2510 2071 inter-

378 2118 583 2186 cludi.
637 2118 817 2197 Quod
875 2117 1003 2185 alio
1066 2118 1358 2207 exemplo
1423 2129 1640 2187 ratum
1689 2118 1843 2186 facit
1893 2118 2231 2207 Euripides
2294 2119 2510 2186 fabula

388 2232 458 2299 in
509 2254 637 2321 qua
689 2232 970 2301 Hecubae
1025 2233 1095 2300 in
1149 2246 1376 2300 somno
1429 2233 1644 2321 imago
1694 2233 1812 2300 filii
1866 2254 1905 2300 a
1953 2232 2202 2320 perfido
2253 2233 2507 2322 hospite

388 2347 597 2415 necati
649 2360 951 2436 apparet,
1006 2349 1138 2416 imo
1188 2348 1256 2415 in
1309 2369 1570 2417 scenam
1620 2347 1972 2432 inducitur,
2014 2368 2249 2438 nempe
2297 2349 2384 2416 dii
2428 2350 2508 2417 ad

389 2470 663 2530 matrem
700 2461 1028 2547 dilectam,
1079 2463 1303 2532 relicto
1341 2485 1652 2558 corpore,
1706 2462 2008 2552 prosilire
2059 2484 2209 2532 eum
2254 2462 2504 2547 sinunt,

388 2598 470 2646 ne
509 2577 872 2666 insepultus
901 2579 1136 2667 jaceat.

478 2692 690 2771 Quum
726 2693 888 2761 adeo
922 2694 1328 2761 venerandus
1359 2693 1443 2765 sit
1469 2704 1780 2782 paternus
1807 2715 1986 2762 amor
2013 2704 2086 2762 ut
2109 2694 2350 2761 inferos
2379 2711 2511 2759 ma·

390 2826 505 2874 nes
540 2807 825 2895 placatos
858 2808 1072 2892 faciat,
1104 2808 1257 2897 jura
1297 2809 1357 2876 ei
1393 2808 1668 2875 maxima
1705 2829 1743 2875 a
1781 2808 1987 2897 poetis
2025 2808 2505 2891 adscribuntur,

391 2920 481 2987 ita
531 2930 604 2988 ut
652 2922 1029 3011 parentibus
1081 2922 1272 2991 liceat
1319 2922 1678 2991 liberorum
1739 2922 2181 2991 interfectores
2244 2922 2512 3012 propria

390 3054 587 3102 manu
657 3036 975 3106 occidere.
1053 3038 1451 3105 Documento
1525 3037 1609 3104 sit
1680 3037 1978 3120 Hecuba,
2033 3058 2215 3125 quae,
2284 3036 2419 3103 filio
2475 3056 2512 3103 a

393 3149 823 3240 Polymestore
876 3162 1142 3235 necato,
1183 3154 1556 3241 frustraque
1595 3152 1675 3220 ab
1715 3153 2196 3240 Agamemnone
2233 3150 2513 3219 vindicta

391 3266 691 3355 expetita,
734 3288 929 3355 quam
967 3277 1182 3335 tamen
1219 3288 1327 3336 rex
1366 3288 1497 3335 non
1534 3266 1822 3355 iniquam
1862 3287 2003 3334 esse
2042 3276 2329 3355 reputat,
2373 3267 2513 3355 ipsa

394 3402 542 3449 cum
580 3381 962 3450 mulieribus
999 3383 1190 3451 sociis
1230 3382 1650 3471 Polymestori
1696 3381 1915 3450 oculos
1964 3382 2174 3449 avellit
2217 3380 2512 3467 filiosque

393 3494 532 3583 ejus
595 3517 820 3565 omnes
881 3477 1213 3564 interimit.
1287 3497 1412 3564 Iste
1474 3516 1629 3563 vero
1694 3504 2046 3563 excaecatus
2073 3547 2089 3577 ,
2155 3493 2513 3561 liberorum

389 3629 730 3697 respersus
805 3611 1117 3697 sanguine
1145 3664 1161 3694 ,
1245 3610 1313 3677 in
1389 3610 1700 3677 auxilium
1771 3609 2055 3678 horridis
2126 3607 2513 3677 clamoribus

388 3723 647 3793 Graecos
684 3725 995 3808 arcessit;
1035 3725 1140 3793 cui
1179 3725 1477 3792 advolans
1513 3725 1910 3813 Agamemno
1951 3746 1965 3790 :
2013 3747 2047 3791 c<
2089 3724 2508 3813 Polymestor‚

389 3859 432 3906 0
470 3838 722 3924 infelix,
766 3839 912 3928 quis
954 3849 1012 3907 te
1047 3838 1380 3928 perdidit?
1429 3837 1583 3917 Quis
1643 3839 1862 3907 oculos
1922 3838 2225 3922 extraxit,
2281 3837 2514 3917 faciem

387 3965 742 4022 cruentans
771 3953 994 4022 tuam?
1019 3953 1168 4033 Quis
1209 3954 1326 4021 hos
1368 3973 1609 4043 pueros
1648 3954 2086 4022 interfecit‘L..
2116 3954 2278 4033 Quid
2310 3953 2514 4022 dicis‘?

451 4092 527 4154 (1)
556 4092 846 4157 Caillemer‚
877 4093 1183 4143 Succession
1213 4094 1241 4142 a
1270 4093 1411 4156 Ath„
1445 4108 1493 4157 p.
1524 4092 1633 4144 182.
1667 4093 1897 4156 Robiou,
1924 4094 2068 4144 Droit
2090 4093 2325 4157 Attique‚
2353 4108 2405 4156 p.
2429 4091 2508 4144 29.
