3064 4949
1219 574 1575 643 ...39-

331 715 501 781 milis
538 713 909 800 sagittarius
949 733 1080 780 non
1115 712 1406 780 videatur
1446 713 1794 781 conditioni
1839 735 2129 802 congrua
2182 716 2455 797 sentire,

328 829 386 896 is
458 829 741 897 fraterno
814 847 1035 895 amore
1108 827 1433 915 officiique
1498 827 1874 895 excellentia
1941 828 2009 894 in
2074 828 2463 896 laudandam

321 940 699 1030 jactantiam
736 941 1072 1023 inductuS,
1106 941 1420 1029 praedicat
1446 942 1540 1008 fas
1580 962 1722 1009 esse
1762 961 1911 1009 cum
1946 941 2200 1029 justitia
2239 942 2463 1010 tollere

329 1056 579 1123 animos
619 1056 745 1144 (1).
811 1055 1026 1137 Tunc,
1078 1054 1213 1122 filio
1261 1054 1468 1142 Ajacis
1514 1055 1582 1123 in
1633 1055 1946 1122 auxilium
1997 1055 2275 1137 adscito,
2319 1076 2464 1123 cor-

328 1190 488 1258 pus,
545 1171 719 1258 quod
765 1188 1042 1257 puerum
1092 1168 1282 1267 jubet
1330 1169 1611 1237 brachiis
1661 1169 1993 1257 amplecti,
2046 1170 2230 1256 quasi
2280 1190 2465 1238 sacro

332 1293 526 1372 atque
567 1282 1046 1372 inexpugnabili
1093 1283 1495 1351 munimento
1544 1282 1725 1370 tegit.
1783 1284 2038 1370 ltaque,
2088 1292 2282 1351 tantae
2328 1283 2465 1372 pie-

340 1399 485 1467 tatis
512 1407 860 1488 conspectu
889 1398 957 1464 in
980 1397 1462 1465 miserationem
1491 1398 1794 1465 inductus
1823 1397 1963 1486 ipse
1988 1397 2244 1486 UlyxeS,
2279 1399 2465 1487 cujus

341 1513 635 1580 animum
672 1513 910 1580 horum
946 1511 1299 1579 aflectuum
1324 1532 1454 1579 non
1479 1522 1808 1601 expertem
1831 1512 2028 1579 fuisse
2055 1522 2335 1595 constat,
2371 1513 2464 1581 eis

331 1638 646 1716 patronus
682 1629 902 1708 adest,
960 1636 1033 1692 ut
1067 1626 1296 1694 Teucri
1330 1628 1530 1695 frater
1567 1627 1941 1716 sepeliatur,
1990 1647 2262 1714 remque
2298 1628 2463 1716 obji-

327 1742 527 1811 cienti
561 1741 1028 1830 Agamemnoni
1057 1743 1406 1831 respondet
1431 1744 1578 1831 plus
1605 1744 1778 1831 apud
1823 1763 1893 1811 se
1932 1742 2233 1810 virtutem
2265 1764 2461 1831 quam

327 1857 552 1924 odium
588 1857 822 1924 valere.
870 1857 964 1922 Ita
1001 1876 1121 1923 nos
1160 1877 1421 1945 quoque
1449 1867 1810 1925 commovet
1838 1867 2032 1946 atque
2070 1859 2150 1925 ad
2189 1857 2462 1925 meliora

322 1962 522 2039 trahit
556 1971 695 2038 haec
732 1970 976 2057 species
1016 1970 1283 2052 eximia,
1326 1991 1363 2037 a
1394 1958 1603 2058 poet'is
1641 1992 1982 2060 expressa,
2044 1972 2255 2038 mutui
2291 1972 2461 2040 inter

322 2087 557 2153 fratres
595 2085 866 2167 amoriS,
911 2085 1023 2173 qui
1061 2094 1392 2152 mortuum
1432 2084 1626 2152 etiam
1664 2086 2109 2174 prosequitur.

357 2246 362 2252 -
392 2196 543 2264 Nec
571 2196 823 2264 minore
852 2195 1066 2263 studio
1103 2195 1453 2263 mulierum
1491 2196 1743 2264 animos
1779 2197 2089 2285 occupari
2130 2197 2461 2266 nonnullis

322 2310 392 2377 in
450 2309 682 2377 fabulis
743 2311 1256 2377 demonstratum
1313 2319 1430 2376 est.
1495 2309 1659 2378 Satis
1719 2321 1815 2378 est
1870 2311 2045 2378 enim
2107 2312 2458 2379 memorari

322 2426 727 2513 Antigonen,
769 2436 840 2495 ut
883 2426 1063 2514 virgo
1106 2434 1433 2513 spectetur
1478 2426 1657 2494 omni
1694 2427 1886 2496 laude
1926 2426 2196 2516 inclyta,
2241 2427 2456 2495 omni-

322 2542 444 2608 hus
506 2552 734 2609 ornata
790 2541 1168 2623 virtutibuS,
1229 2561 1305 2608 ea
1366 2543 1628 2610 demum
1691 2563 1836 2631 quae
1890 2563 2011 2609 nec
2055 2542 2178 2609 hoc
2223 2542 2457 2610 merito

327 2664 564 2721 careat.
632 2654 957 2743 Namque,
1014 2654 1154 2722 haec
1206 2654 1436 2723 eximia
1502 2656 1752 2743 puella,
1805 2677 2009 2743 quum
2061 2656 2336 2722 fratrum
2387 2656 2456 2722 in

323 2777 578 2856 patrem
623 2768 855 2838 delicta
899 2789 1032 2836 non
1082 2769 1499 2836 restinxerint
1547 2769 1880 2837 caritatem
1940 2769 2007 2836 in
2067 2769 2282 2837 animo
2342 2769 2454 2859 qui

322 2882 530 2950 nescit
594 2884 842 2965 odisse,
896 2883 1197 2971 OEdipum
1260 2894 1336 2952 ut
1398 2884 1680 2981 Polynici
1744 2884 1997 2952 veniam
2056 2886 2455 2974 exsposcenti

326 3000 652 3089 ignoscat,
713 3010 1042 3089 precatur,
1109 3021 1290 3088 quae,
1339 3023 1373 3067 ε(
1415 3001 1792 3090 obtempera
1830 3002 2026 3084 mihi,
2068 3013 2274 3090 pater,
2321 3002 2446 3084 ait,

321 3116 441 3183 etsi
482 3116 957 3184 adolescentula
994 3125 1056 3184 te
1094 3136 1364 3199 moneo,
1406 3117 1489 3183 da
1523 3126 1598 3183 ut
1632 3117 1833 3184 frater
1868 3116 2103 3185 veniat..
2150 3138 2183 3182 >³
2225 3116 2453 3203 Sperat

321 3232 460 3299 fore
527 3241 602 3298 ut
668 3231 805 3297 se'ni
865 3251 1050 3298 mens
1116 3229 1230 3297 fiat
1286 3231 1654 3315 remissior,
1724 3232 1780 3299 si
1855 3231 2060 3299 filium
2135 3231 2453 3319 aspexerit

324 3337 766 3414 miserrimum
802 3368 818 3427 ;
875 3365 1070 3434 quem
1117 3346 1398 3434 henigne
1447 3357 1786 3436 exceptum
1835 3347 1915 3414 ad
1956 3365 2214 3414 causam
2253 3367 2449 3435 agen—

322 3462 469 3527 dam
508 3461 825 3528 hortatur.
870 3460 1130 3543 Postea,
1176 3481 1380 3549 quum
1418 3472 1671 3550 patrem
1708 3461 1946 3528 iterum
1973 3460 2448 3547 *imprecantem

318 3573 667 3655 audiverit,
710 3575 789 3640 de
841 3573 1028 3641 malis
1084 3594 1230 3662 quae
1281 3575 1467 3641 fratri
1517 3575 1899 3642 immineant
1951 3573 2251 3655 sollicita,
2297 3593 2446 3640 eum

322 3687 681 3754 obtestatur
742 3697 816 3753 ut
870 3687 1127 3775 incepto
1187 3688 1486 3771 desistat,
1564 3709 1684 3756 nec
1743 3688 2029 3777 seipsum
2088 3707 2164 3755 ac
2229 3686 2448 3755 civita-

319 3811 446 3869 tem
520 3801 589 3867 in
660 3821 986 3868 summum
1059 3804 1337 3871 adducat
1383 3803 1777 3885 discrimem
1841 3803 2319 3891 perstantisque
2378 3804 2448 3870 in

315 3914 584 3983 consilio
621 3911 686 3983 et
721 3917 801 3983 ad
839 3913 1270 3985 certissimam
1318 3919 1569 3986 cladem
1612 3918 1907 3985 abeuntis
1954 3938 2179 3985 casum
2227 3919 2446 4006 deplo-

315 4040 451 4115 rat,
507 4032 870 4100 exclamans
927 4054 942 4099 z
1001 4055 1036 4100 (ι
1087 4033 1138 4101 Ο
1189 4054 1291 4101 me
1340 4035 1687 4103 miseram!
1722 4056 1756 4100 »
1797 4074 1885 4085 —
1921 4034 2037 4103 Cui
2078 4033 2440 4124 PolyniceS,

384 4171 461 4232 (1)
493 4172 591 4221 Ξὺν
621 4178 690 4237 τῷ
711 4175 886 4238 δικαίῳ
913 4177 1006 4240 γὰρ
1030 4176 1131 4238 μέγ’
1157 4176 1309 4232 ἔξεστι
1332 4181 1539 4240 φρονεῖν.
1607 4176 1826 4239 Sophoc.
1852 4176 1997 4238 Ajax.
2022 4174 2163 4224 1125.
