3064 4949
1385 444 1739 515 ...99-

503 604 808 672 passura,
853 594 1038 654 curat
1075 585 1198 673 (1).
1256 586 1691 665 Quamobrem
1748 588 1818 654 in
1861 609 2005 657 eam
2057 587 2262 659 Graeci
2297 588 2627 661 intuentes

496 708 571 769 ·et
613 699 752 788 ipse
796 700 1023 788 Ulyxes
1072 698 1177 767 vix
1234 722 1270 767 a
1327 701 1625 790 lacrymis
1677 710 2069 790 temperant,
2132 712 2197 770 et
2248 701 2359 790 qui
2408 703 2622 790 gladio

504 812 818 900 virginem
877 813 1057 897 ferit,
1126 817 1346 883 volens
1406 835 1482 883 ac
1520 797 1774 883 ›nolens
1832 835 1970 902 prae
2028 815 2624 901 commiseratione,

507 948 672 1016 opus
708 948 879 1015 aegre
917 928 1191 1016 perficit.
1235 928 1426 1011 Dein,
1469 928 1786 997 defunctae
1823 929 2057 1017 puellae
2092 928 2379 999 certatim
2420 928 2626 1003 Graeci

507 1042 661 1127 dant
693 1062 958 1130 operam
996 1051 1069 1109 ut
1092 1043 1271 1131 justa
1304 1044 1778 1130 persolvantur,
1826 1065 1977 1112 cum
2024 1043 2133 1111 alii
2181 1063 2416 1132 corpus
2450 1043 2627 1139 fron·

508 1154 698 1227 dibus
763 1156 1090 1245 operiant,
1155 1157 1261 1224 alii
1321 1177 1556 1245 rogum
1613 1157 1826 1244 pineis
1883 1158 2082 1225 ramis
2143 1166 2505 1240 exstruant,
2565 1167 2632 1229 et

510 1269 697 1339 otiosi
733 1272 968 1339 talibus
1021 1271 1324 1340 conviciis
1370 1271 1778 1354 incessantur
1820 1294 1834 1337 :
1891 1293 1925 1339 α
1965 1272 2137 1354 Stas,
2189 1271 2626 1359 ignavissime,

421 1419 430 1427 ·
508 1403 720 1471 neque
763 1387 1029 1473 peplum
1083 1373 1299 1472 neque
1349 1394 1803 1454 ornamentum
1857 1385 2133 1455 afferens
2189 1385 2421 1472 virgini
2478 1385 2632 1457 huic

412 1516 421 1527 “
508 1499 872 1570 fortissimae
917 1508 1110 1587 atque
1156 1498 1675 1586 generosissimae
1724 1498 1864 1586 (2);
1915 1522 1951 1567 ι)
2004 1499 2246 1588 quippe
2297 1519 2490 1570 nemo
2534 1508 2631 1571 est

507 1623 641 1683 tam
696 1615 909 1696 ferus,
972 1623 1121 1683 tam.
1156 1612 1446 1682 infensus
1504 1614 1619 1702 qui
1667 1614 1973 1699 virtutem
2027 1614 2406 1702 praeclaram
2454 1614 2629 1683 illam

509 1749 641 1798 non
678 1728 974 1797 miretur.
1396 1749 1403 1756 ·

596 1842 718 1912 Hic
767 1842 943 1909 enim
989 1862 1176 1910 amor
1236 1843 1305 1909 in
1355 1853 1695 1930 parentes,
1752 1842 1806 1910 si
1852 1842 2058 1930 poetis
2115 1843 2371 1925 credaS,
2417 1865 2456 1909 a
2504 1842 2630 1913 diis

508 1957 668 2047 ipsis
705 1958 774 2026 in
809 1958 1044 2025 animis
1092 1958 1430 2028 hominum
1475 1958 1870 2041 accenditur,
1924 1968 2150 2047 estque
2194 1969 2425 2029 natura
2469 1960 2630 2028 adeo

510 2072 814 2143 cordibus
851 2071 1082 2141 insitus
1122 2082 1194 2140 ut
1233 2071 1422 2140 liberi
1450 2073 1531 2140 ad
1558 2082 1861 2159 parentes
1894 2072 2090 2140 etiam
2120 2091 2251 2139 non
2288 2071 2410 2141 sibi
2444 2081 2630 2142 natos

509 2186 1161 2274 diligendos'secreto
1215 2187 1497 2273 quodam
1543 2196 1725 2253 motu
1775 2185 2214 2274 impellantur.
2264 2186 2396 2254 Nec
2446 2206 2629 2256 secus

508 2311 731 2389 partes
769 2300 942 2368 Ionis
972 2300 1103 2386 agit
1124 2301 1496 2390 EuripideS,
1531 2300 1645 2389 qui
1676 2321 1955 2388 puerum
1992 2300 2237 2387 effingit
2271 2300 2632 2387 Apollinem

386 2450 399 2455 -
511 2424 576 2488 et
610 2413 946 2498 Creusam,
991 2435 1155 2502 quos
1200 2414 1441 2483 inscius
1479 2414 1804 2503 genitores
1850 2415 2075 2497 habet,
2130 2413 2415 2482 filiorum
2451 2434 2630 2485 more

509 2540 859 2600 amantem.
891 2531 949 2598 Is
980 2531 1155 2598 enim
1185 2531 1411 2600 servile
1439 2531 1564 2599 deo
1592 2530 1878 2599 officium
1907 2529 2327 2599 libentissime
2351 2530 2625 2619 praebet,

510 2652 576 2712 et
610 2643 998 2726 ministeriO,
1041 2644 1214 2731 quod
1254 2653 1520 2733 propter
1571 2664 1861 2712 amorem
1900 2644 2424 2712 honestissimum
2459 2643 2632 2714 arhi-

510 2767 744 2841 tratur,
791 2779 859 2826 se
898 2779 1028 2827 non
1072 2758 1408 2845 defatigari
1457 2759 1757 2827 affirmat.
1816 2758 2067 2847 Quippe
2108 2782 2144 2826 ε(
2183 2769 2282 2827 est
2316 2759 2625 2842 Phoebus,

514 2871 642 2953 ait,
702 2871 862 2938 mihi
912 2871 978 2938 in
1037 2872 1179 2940 loco
1219 2873 1464 2961 patris,
1529 2894 1726 2962 quem
1793 2893 1899 2942 me
1959 2871 2352 2942 nutrientem
2400 2873 2626 2954 laude,

512 3005 742 3072 quem,
816 2983 898 3053 ob
967 2985 1311 3067 beneficia,
1384 2986 1508 3055 hoc
1576 2986 1890 3074 templum
1969 2985 2357 3056 incolentem
2429 2985 2632 3073 patris

508 3100 772 3169 nomine
821 3101 1094 3189 appello.
1161 3101 1212 3169 Ο
1271 3101 1498 3183 Poean,
1555 3122 1594 3170 o
1643 3101 1875 3184 Poean,
1928 3101 2156 3172 beatus
2203 3101 2320 3184 sis,
2375 3100 2632 3172 Latonae

510 3213 601 3284 fili
642 3212 763 3303 (3).
809 3235 844 3279 1>
885 3215 1064 3282 Idem
1101 3212 1442 3297 Creusam,
1499 3236 1579 3282 ex
1620 3236 1751 3302 qua
1786 3236 1856 3284 se
1894 3235 2035 3283 esse
2085 3224 2302 3283 ortum
2337 3213 2628 3301 ignorat,

570 3353 644 3417 (1)
675 3351 902 3415 Euripid.
935 3350 1165 3401 Hecuba.
1193 3351 1427 3402 198-403.

569 3442 643 3504 (2)
673 3440 801 3490 Ibid.
826 3438 936 3489 575.

569 3530 645 3592 (3)
665 3531 849 3585 Φοῖὸὸς
879 3544 960 3591 μοι
987 3528 1195 3593 γενέτωρ
1218 3529 1397 3593 πατήρ·

667 3620 748 3668 τὸν
779 3618 1023 3681 βόσκοντα
1048 3617 1141 3681 γὰρ
1171 3617 1373 3678 εὐλογῶ·

663 3707 720 3754 τὸ
745 3704 1030 3767 δ’ὠφέλιμον
1056 3703 1167 3766 ἐμοὶ
1191 3703 1400 3768 πατέρος
1420 3704 1577 3765 ὄνομα
1598 3704 1724 3764 λέγω

821 3792 1011 3841 Φοίδου
1038 3796 1125 3841 τοῦ
1149 3792 1275 3839 κατὰ
1306 3791 1439 3840 ναόν.

819 3877 888 3927 Ὦ
912 3880 1091 3939 παιὰν,
1120 3880 1160 3927 ὦ
1187 3879 1366 3938 παιὰν,
1432 3921 1439 3928 .

882 3967 1087 4028 εὐαίων,
1118 3967 1296 4016 εὐαίων

885 4055 1012 4114 εἴης,
1042 4055 1083 4102 ὦ
1109 4056 1301 4111 Λατοῦς
1324 4058 1433 4105 παῖ.
1459 4053 1638 4117 Eurip.
1667 4054 1777 4104 Ion.
1801 4052 1909 4103 iffi.
