3064 4949
1256 513 1611 585 -51-

371 657 571 746 patri,
614 666 688 723 ut
721 657 938 731 flectat
974 656 1299 739 animum,
1334 654 1404 728 in
1438 664 1728 727 mentem
1767 661 2024 723 revocat
2060 638 2257 739 quam
2292 653 2500 727 fausta

374 769 498 843 sibi
536 771 863 858 quondam
914 769 996 839 sit
1044 768 1401 858 pollicituS,
1454 788 1728 857 nempe,
1776 788 1812 841 c<
1850 768 1975 841 ista
2011 776 2158 849 tua,
2200 766 2323 849 ait,
2363 777 2502 841 erat

375 883 583 951 oratio
626 884 1098 971 :quandonam
1145 891 1241 965 te,
1293 902 1332 949 o
1370 891 1553 967 nata,
1605 881 1863 953 beatam
1911 891 1977 948 et
2011 881 2353 953 florentem
2371 932 2389 962 ‚
2429 891 2504 957 ut

374 1016 482 1067 me
522 997 741 1079 decet,
781 996 850 1069 in
883 995 1134 1067 aedibus
1171 994 1389 1068 mariti
1428 992 1659 1066 videbo
1683 994 1714 1058 ⁴?
1754 993 1855 1082 (1)
1898 1014 1933 1059 ³>

466 1109 690 1202 ltaque
754 1119 963 1201 poetae
1023 1109 1262 1199 saepius
1327 1109 1805 1183 admonuerunt
1874 1107 2118 1185 nemini
2176 1107 2507 1181 vinculum

369 1226 590 1314 jugale
618 1225 1027 1311 fugiendum,
1061 1224 1307 1297 nemini
1336 1224 1830 1313 detrectandum
1857 1222 2205 1312 imperium
2233 1223 2502 1295 amoris,

379 1339 538 1407 Nam
575 1339 957 1430 SophocleS‚
999 1338 1115 1426 qui
1150 1338 1231 1407 ab
1266 1337 1452 1411 istius
1488 1337 1666 1411 modi
1704 1337 2036 1411 affectibus
2073 1337 2526 1425 exprimendis

377 1454 513 1521 fere
550 1452 895 1534 abstinuit,
929 1451 1229 1544 quaedam
1266 1460 1483 1525 tamen
1519 1461 1886 1525 memoratu
1924 1451 2119 1538 digna
2153 1451 2513 1527 enuntiavit

379 1568 450 1639 in
482 1567 699 1637 fabula
744 1587 874 1659 qua
916 1586 1092 1640 mors
1130 1565 1484 1657 Antigones
1521 1575 1849 1651 narratur,
1906 1565 2183 1649 scilicet,
2244 1567 2512 1653 indigne

380 1683 627 1757 ferente
664 1681 1020 1757 Haemone
1002 1680 1306 1769 injuriam
1335 1701 1592 1769 sponsae
1626 1681 1919 1764 allatam,
1952 1682 2191 1755 chorus
2227 1691 2513 1771 potesta

384 1804 516 1862 tem
559 1793 824 1865 Veneris
872 1792 1353 1867 ineluctabilem
1396 1793 1875 1867 concelebrat:
1923 1816 1957 1870 ct,
1996 1795 2196 1868 Amor
2239 1794 2509 1877 invicte,

360 1888 497 1996 'qui
532 1887 766 1997 puellae
817 1907 1119 1983 mollibus
1166 1907 1347 1997 genis
1385 1907 1658 1991 insides,
1702 1907 1815 1999 qui
1866 1917 2045 1981 trans
2089 1908 2295 1980 maria
2341 1910 2514 1983 volas

386 2030 451 2090 et
486 2020 554 2091 in
583 2021 748 2095 casis
777 2021 1142 2116 agrestibus
1171 2012 1323 2092 ades
1340 2073 1357 2105 ,
1390 2042 1513 2097 nec
1540 2030 1605 2089 te
1631 2020 2096 2097 immortalium
2130 2023 2510 2112 quisquam,

385 2154 507 2209 nec
542 2135 912 2211 mortalium
947 2145 1161 2232 potest
1198 2135 1401 2211 vitare
1440 2135 1564 2226 (2).
1611 2157 1646 2205 ν

358 2245 362 2249 ’
476 2249 785 2321 Fabulam
825 2270 1086 2339 quoque
1122 2250 1200 2317 ad
1240 2250 1308 2321 id
1345 2250 1415 2325 in
1449 2258 1656 2324 totum
1693 2260 2096 2339 spectantem
2132 2252 2302 2340 apud
2333 2252 2519 2325 Euri-

388 2364 607 2452 pidem
643 2365 966 2463 reperieS‚
1001 2385 1151 2462 quae
1180 2365 1581 2439 demonstrat
1608 2373 1767 2459 quot
1795 2365 2187 2439 calamitates
2220 2375 2521 2454 expertus

386 2479 508 2562 sit,
552 2480 634 2550 ob
675 2490 960 2574 spretam
998 2481 1352 2563 Venerem,
1405 2480 1811 2570 Hippolytus.
1864 2481 1993 2551 Ista
2043 2481 2217 2550 enim
2260 2482 2331 2555 in
2367 2502 2521 2570 pro-

389 2594 539 2681 logo
576 2614 719 2671 sese
759 2593 1071 2681 praedicat
1106 2594 1423 2667 ultionem
1474 2614 1551 2670 ex
1602 2605 2047 2688 contemptore
2086 2604 2516 2685 sumpturam.

386 2708 525 2788 ,Nec
562 2729 637 2775 ea
677 2716 928 2775 tantum
956 2708 1179 2796 juveni
1209 2719 1452 2780 castam
1489 2720 1778 2782 mentem
1803 2710 1956 2782 vitio
1983 2710 2208 2795 vertit,
2246 2731 2522 2801 eamque

393 2820 744 2908 pessimam
801 2843 876 2898 ao
932 2842 1133 2911 poena
1189 2822 1453 2916 dignam
1512 2824 1891 2916 superbiam
1953 2825 2188 2909 habet;
2245 2826 2525 2898 famulus

394 2933 698 3022 quidam,
761 2956 956 3010 senex
1013 2946 1078 3005 et
1132 2937 1458 3025 prudenS,
1514 2937 1748 3016 herum
1793 2938 2154 3026 interrogat
2213 2961 2333 3018 eur
2391 2962 2524 3018 non

395 3050 630 3124 salutet
675 3049 933 3156 Cyprim
975 3050 1223 3128 foribus
1271 3051 1769 3140 praesidentem,
1828 3054 2016 3132 deam
2052 3056 2482 3133 venerandam
2503 3107 2520 3138 ,

459 3244 534 3305 (1)
554 3246 711 3307 Λόγος
730 3246 773 3294 δ’
797 3248 823 3294 ὁ
847 3246 932 3308 μὲν
960 3247 1094 3303 σὸςὟ
1066 3263 1126 3307 ην
1151 3248 1239 3296 ὅδ’·
1268 3248 1366 3313 ἆρα
1391 3249 1456 3307 σ’,
1482 3250 1523 3296 ὦ
1548 3249 1743 3308 τέκνον,

555 3334 798 3395 εὓδαίμον)
821 3335 991 3399 ἀνδρὸς
1016 3335 1068 3386 ἐν
1092 3322 1317 3397 δόμοισιν
1341 3337 1559 3399 ὄψομαι,

561 3422 720 3476 ζῶσάν
746 3439 799 3472 τε
826 3424 910 3474 καὶ
930 3423 1200 3480 θάλλουσαν
1229 3424 1375 3484 ἀξίως
1399 3425 1558 3487 ὲμοῦς

1391 3511 1625 3576 Euripid.
1654 3511 1819 3575 Iphig.
1844 3512 1900 3561 in
1926 3511 2046 3561 Aul.
2073 3510 2214 3561 1223.

467 3593 541 3656 (2)
654 3585 659 3591 ⁵
688 3596 846 3662 Ἔρως
863 3599 1064 3648 ἀνίκατε
1090 3599 1250 3662 μάχαν
1269 3636 1282 3659 ,

682 3688 732 3742 ὃς
754 3687 808 3737 ἐν
836 3690 1076 3749 μαλακαῖς
1101 3691 1328 3751 παρειαῖς

685 3775 898 3834 νεάνιδος
920 3776 1214 3842 ἐννυχεύεις,

560 3867 727 3927 φοιτᾷς
746 3863 786 3911 δ’
816 3863 1135 3936 ὑπερπόντιος
1160 3863 1211 3911 ἐν
1235 3864 1276 3912 τ’
1306 3862 1592 3928 ἀγρονόμοις
1611 3863 1799 3920 αὐλαῖς·

684 3950 769 3997 καί
797 3951 842 3998 0·'
874 3952 964 4000 οὐκ
988 3949 1240 4000 ἀθανάτων
1264 3951 1460 4012 φύξιμος
1483 3949 1640 4006 οὐδεὶς

685 4035 784 4083 οὗθ’
811 4036 1024 4100 ἁμερίων
1048 4036 1124 4083 ἐπ’
1152 4036 1437 4100 ἀνθρώπων.

1153 4123 1392 4187 Sophocl.
1421 4124 1597 4187 Antig.
1622 4122 1732 4173 781.
