3064 4949
1430 427 1784 495 ..50-

1294 725 1553 795 CAPUT
1595 725 1996 837 QUARTUM.

998 904 1015 909 ’
1092 941 1176 988 nn
1223 940 1461 992 uurms
1508 940 1845 992 comosum
1891 941 2186 991 orrlcns,

666 1115 1004 1205 Permagni
1032 1117 1304 1189 interest
1333 1118 1413 1193 ad
1450 1118 1832 1206 dignitatem
1865 1119 2096 1189 domus
2126 1117 2434 1205 conjuges
2471 1128 2736 1187 mutuo

577 1250 800 1303 amore
861 1252 937 1305 ac
997 1232 1417 1305 consiliorum
1481 1233 1778 1303 omnium
1840 1232 2143 1304 societate
2204 1232 2530 1303 cohaerere
2553 1285 2572 1315 ,
2647 1242 2740 1299 ut

575 1345 865 1437 exempla
898 1345 1209 1413 virtutum
1246 1346 1557 1421 imitanda
1596 1328 2017 1436 subjiciantur
2068 1346 2429 1415 liberorum
2466 1345 2687 1417 oculis
2709 1399 2731 1428 ,

574 1456 775 1548 hique
826 1469 1174 1555 parentum
1233 1461 1398 1533 bene
1460 1469 1868 1531 moratorum
1925 1469 2280 1548 conspectu
2338 1461 2417 1527 ad
2481 1480 2733 1529 eorum

575 1594 904 1657 amorem,
971 1575 1051 1641 ad
1111 1575 1465 1649 fraternam
1524 1576 1938 1647 concordiam
1998 1576 2416 1647 inducantur.
2483 1575 2732 1663 Operae

576 1686 776 1777 igitur
820 1687 1102 1776 pretium
1148 1689 1271 1755 fuit
1317 1688 1638 1776 ejusmodi
1687 1689 1899 1761 officia
1944 1709 1982 1759 a
2026 1688 2235 1780 poetis
2280 1687 2586 1763 illustrari
2655 1698 2732 1756 et

577 1803 977 1893 argumentis
1029 1803 1654 1875 convenientissimis
1694 1802 1946 1873 firmari
2001 1825 2016 1868 ε
2076 1805 2190 1893 qui
2241 1824 2466 1873 revera
2514 1801 2729 1893 hujus

575 1915 927 2005 disciplinae
966 1916 1056 1984 ita
1094 1917 1364 1987 studiosi
1399 1918 1781 1987 exstiterunt
1816 1927 1889 1987 ut
1934 1919 2325 1989 documenta
2360 1919 2444 1987 de
2477 1919 2598 1984 hac
2636 1937 2723 1987 re

575 2048 760 2116 paene
797 2029 1141 2101 innumera
1175 2032 1539 2119 legentibus
1579 2032 2014 2124 suppeditent.

663 2144 714 2210 Ii
753 2145 925 2213 enim
962 2145 1359 2216 connubium
1405 2145 1473 2215 in
1524 2145 1755 2237 primis
1801 2122 2327 2235 significaverunt
2376 2166 2516 2214 esse
2564 2144 2723 2212 vitae

576 2260 899 2337 rationem
939 2260 1241 2328 omnibus
1278 2260 1655 2329 hominibus
1690 2261 2122 2348 aptissimam,
2176 2261 2282 2331 cui
2308 2261 2533 2349 junior
2571 2280 2722 2329 sese

575 2375 876 2462 accingit,
922 2375 1024 2442 cui
1063 2375 1279 2463 puella
1313 2375 1646 2442 recondita
1671 2374 1739 2441 in
1769 2375 2209 2462 penetralibus
2241 2375 2474 2442 domus
2513 2374 2719 2442 desti-

574 2496 790 2557 natur.
838 2489 1180 2577 Innuptam
1217 2490 1385 2557 mori
1411 2490 1657 2557 malum
1683 2499 1878 2577 atque
1915 2489 2342 2578 opprobrium
2379 2488 2663 2556 habetur
2696 2511 2712 2554 ε

575 2602 876 2691 hancque
912 2603 1118 2671 vicem
1158 2604 1510 2690 Antigone,
1564 2604 1916 2674 fortissima
1947 2604 2166 2691 virgo,
2221 2602 2555 2691 questibus
2592 2602 2718 2669 ite-

575 2717 732 2784 ratis
770 2718 1095 2806 deplorat,
1150 2701 1214 2785 et
1262 2739 1585 2787 summam
1619 2718 2032 2787 miseriarum
2067 2718 2261 2785 habet
2299 2738 2367 2785 se
2410 2717 2713 2784 ultimam

570 2830 827 2917 ingredi
854 2830 1056 2914 viam,
1081 2834 1465 2920 nuptiarum
1502 2842 1833 2921 expertem
1870 2853 1946 2899 ac
1980 2833 2297 2900 festorum
2338 2830 2715 2898 carminum

574 2943 929 3033 hymenaei,
972 2966 1093 3013 nec
1137 2948 1389 3035 prolem
1428 2947 1758 3029 sortitam,
1812 2948 2349 3035 speluncamque,
2407 2946 2477 3012 in
2516 2966 2716 3033 quam

573 3059 950 3144 includitur,
995 3061 1346 3129 thalamum
1383 3062 1700 3150 genialem
1728 3062 2007 3150 appellat
2040 3061 2160 3150 (1).
2209 3061 2353 3129 Jam
2393 3059 2716 3129 Electram

573 3174 963 3267 audivimuS,
1028 3186 1177 3264 post
1222 3197 1455 3244 caesam
1503 3186 1811 3258 matrem,
1881 3176 2206 3242 dolentem
2265 3174 2437 3262 quod
2500 3172 2710 3261 parri-

576 3287 789 3354 cidam
829 3308 1020 3357 nemo
1080 3289 1162 3357 sit
1204 3290 1272 3357 in
1320 3290 1657 3378 conjugale
1717 3289 1930 3358 cubile
1992 3288 2392 3357 admissurus
2459 3309 2474 3352 2
2546 3287 2712 3354 adeo

565 3401 907 3490 juniorum
942 3404 1269 3471 mentibus
1305 3404 1491 3472 obvia
1527 3414 1669 3472 erat
1703 3404 1824 3472 ista
1861 3403 2181 3491 cogitatio.

664 3516 899 3585 Puellae
936 3516 1142 3600 enim,
1183 3517 1304 3585 etsi
1341 3538 1378 3584 a
1422 3526 1773 3606 conspectu
1807 3516 2098 3583 virorum
2142 3525 2410 3584 remotae
2449 3523 2712 3583 aetatem

574 3632 894 3720 puerilem
936 3631 1004 3698 in
1053 3651 1353 3720 gynecaeo
1398 3631 1851 3712 traducebant,
1902 3641 2204 3719 parentes
2270 3628 2715 3718 adspiciebant

576 3746 1077 3814 studiosissimos
1130 3747 1567 3835 parandarum
1627 3745 2036 3833 nuptiarum,
2094 3746 2175 3812 de
2235 3744 2471 3833 quibus
2529 3752 2715 3810 erant

577 3869 724 3927 vota
760 3872 825 3928 et
871 3881 1084 3929 sermo
1134 3859 1725 3949 frequentissimus.
1776 3859 1980 3926 Testis
2034 3870 2129 3926 est
2183 3859 2515 3948 Iphigenia
2563 3878 2714 3945 quae

641 4028 712 4090 (1)
747 4028 986 4090 Sophocl.
1019 4029 1193 4091 Antig.
1222 4027 1424 4089 806-92,
1446 4028 1679 4089 passim.
