3064 4949
1293 475 1598 542 ..5-

1127 746 1377 816 CAPUT
1423 747 1757 817 PRIMUM.

1031 932 1115 984 DE
1161 934 1430 986 OFFICIIS
1478 936 1850 989 PARENTUM.

471 1110 874 1199 Praecipuum
910 1112 1148 1196 locum,
1183 1115 1355 1202 apud
1383 1114 1827 1198 AthenienseS,
1858 1114 2100 1182 familia
2135 1113 2469 1182 obtinebat
2480 1135 2499 1195 ;

351 1242 563 1292 ’sacra
600 1246 675 1292 ac
710 1227 1072 1293 veneranda
1109 1223 1426 1296 institutio
1464 1226 1848 1310 habebatur,
1892 1237 1954 1295 et
2007 1248 2042 1294 e
2090 1227 2391 1294 domibus
2444 1238 2507 1293 et

380 1339 677 1427 gentibus
718 1340 934 1407 civitas
973 1339 1112 1429 ipsa
1151 1341 1507 1409 constabat.
1554 1341 1877 1408 Privatum
1917 1341 2116 1429 igitur
2163 1363 2236 1409 ac
2282 1342 2504 1409 dome-

380 1452 613 1519 sticum
655 1451 767 1541 jus
819 1454 1062 1542 publici
1105 1454 1274 1543 juris
1329 1465 1467 1522 erat
1516 1455 1702 1545 quasi
1753 1455 1896 1523 fons
1949 1476 2024 1523 ac
2072 1454 2498 1544 praesidium3

379 1587 582 1654 quare
619 1546 837 1636 multis
878 1567 1128 1656 legibus
1166 1569 1572 1652 firmabatur,
1607 1591 1753 1658 quae
1792 1590 2061 1639 summae
2097 1591 2271 1638 curae
2304 1569 2502 1657 magi-

382 1681 691 1749 stratibus
744 1696 949 1750 erant.
1017 1684 1180 1751 Illud
1234 1684 1521 1752 studiu‘m
1570 1685 1898 1752 nonnullis
1948 1685 2122 1752 haud
2173 1684 2500 1752 immerito

378 1795 586 1862 visum
649 1808 745 1864 est
797 1817 991 1865 causa
1042 1798 1377 1887 potissima
1439 1821 1557 1867 cur
1605 1800 1660 1866 is
1714 1800 1993 1889 populus
2051 1799 2453 1866 humanitate
2478 1851 2495 1881 ,

377 1911 643 1995 litteris,
685 1912 976 1980 moribus
1013 1913 1173 1981 adeo
1212 1912 1591 1982 inclaruerit
1629 1915 1752 2004 (1).
2133 1918 2138 1922 ’

465 2028 608 2096 Non
646 2049 865 2096 meum
905 2039 1004 2097 est
1039 2029 1374 2117 inquirere
1412 2031 1567 2119 quid
1608 2031 1778 2099 circa
1815 2051 1956 2098 rem
1994 2029 2159 2096 ferat
2197 2029 2308 2117 jus
2356 2030 2502 2096 atti-

378 2162 526 2208 cum
550 2195 566 2224 ‚
623 2144 736 2210 sed
789 2145 1237 2212 demonstrare
1289 2166 1421 2234 quo
1468 2147 1661 2213 modo
1700 2155 1909 2234 poetae
1959 2145 2175 2232 legum
2227 2144 2500 2232 scripto·
2569 2155 2574 2159 ’

262 2280 277 2289 ”
374 2254 555 2321 ribus
593 2275 734 2323 sese
773 2256 1281 2325 consociaverint
1318 2269 1418 2341 ut,
1463 2268 1528 2325 et
1564 2257 1723 2346 ipsi,
1768 2258 2296 2341 commendarent
2331 2256 2501 2324 inter

362 2369 771 2457 ‘propinquos
811 2369 1023 2437 officia
1050 2422 1067 2453 ‚
1125 2392 1329 2460 eaque
1387 2372 1585 2439 veluti
1639 2372 1840 2440 oculis
1882 2371 2297 2461 subjicerent.
2341 2371 2503 2440 Sunt

374 2484 441 2551 in
478 2505 705 2552 eorum
742 2485 975 2552 fabulis
1034 2488 1356 2574 permulta
1414 2497 1736 2576 praecepta
1783 2498 1845 2555 et
1896 2477 2217 2576 exempla,
2262 2486 2500 2574 quibus

375 2598 730 2688 disciplinae
773 2601 1271 2690 descriptionem
1309 2602 1520 2671 facere
1558 2602 1903 2691 proposui,
1948 2603 2026 2670 de
2063 2601 2314 2670 diversa
2349 2622 2502 2689 poe-

374 2724 588 2781 tarum
617 2723 832 2782 mente
861 2737 937 2782 ao
963 2716 1323 2785 disserendi
1352 2718 1603 2786 ratione
1631 2726 1852 2807 postea
1875 2717 2155 2785 breviter
2179 2717 2490 2785 dicturus,

463 2830 812 2897 Maximum
849 2831 1109 2899 familiae
1150 2833 1371 2915 decus,
1406 2834 1945 2922 praecipuumque
1973 2832 2109 2900 viro
2138 2852 2213 2901 ac
2239 2832 2497 2899 mulieri
2599 2926 2606 2933 ἱ

372 2942 673 3010 solatium
727 2943 1004 3011 existunt
1052 2945 1240 3013 liberi
1264 2998 1280 3029 ‚
1346 2946 1584 3033 quibus
1641 2956 1987 3035 parentum
2046 2945 2171 3014 vita
2228 2954 2494 3034 proten-

371 3055 547 3122 ditur
590 3065 654 3123 et
691 3056 895 3144 gloria
932 3058 1162 3126 domus
1201 3058 1411 3127 floret.
1456 3061 1550 3127 lta
1584 3059 1891 3127 Creusam
1930 3059 2269 3148 Euripides
2306 3059 2494 3126 indu-

370 3170 459 3236 cit
514 3170 612 3259 (Ξ)
672 3174 984 3261 templum
1047 3174 1358 3261 Apollinis
1421 3175 1799 3258 adeuntem,
1864 3195 1902 3242 a
1964 3195 2095 3263 quo
2155 3172 2363 3262 poscit
2423 3183 2495 3241 ut

373 3285 633 3353 orbitati
683 3308 816 3355 suae
869 3288 1207 3356 medeatur
1253 3280 1763 3378 progeniemque
1813 3289 1936 3359 sibi
1976 3288 2286 3357 concedat
2330 3308 2343 3354 ε
2387 3288 2493 3355 cui

372 3400 758 3487 supplicanti
798 3401 1122 3470 adstantes
1159 3423 1423 3485 omneS,
1467 3402 1829 3491 conjunctis
1874 3402 2173 3484 vocibus,
2222 3420 2493 3469 consen-

370 3512 580 3596 tiunt;
622 3514 867 3603 quippe
904 3515 1016 3601 qui
1054 3515 1228 3583 illius
1265 3516 1704 3585 infelicitatem
1735 3517 1917 3605 quasi
1949 3536 2270 3584 summam
2298 3514 2492 3583 mise-

366 3626 533 3693 riam
572 3628 929 3716 deplorent.
974 3629 1127 3697 Esse
1164 3630 1338 3698 enim
1377 3631 1515 3697 sine
1553 3630 1772 3698 liberis
1809 3631 2140 3699 calamitas
2177 3639 2494 3718 etoppro-

366 3740 585 3808 brium
639 3743 1021 3811 habebatur.
1079 3745 1278 3828 Nam,
1334 3745 1607 3813 extincta
1659 3746 1852 3814 domo
1874 3799 1890 3828 ‚
1947 3759 2213 3813 avorum
2263 3744 2493 3831 religio

426 3887 502 3949 (1)
533 3889 750 3951 Robiou,
781 3890 1057 3958 Questions
1084 3892 1149 3942 de
1178 3893 1323 3943 Droit
1350 3893 1562 3957 Attique
1583 3908 1599 3957 ;
1641 3884 1937 3956 Caillemer,
1979 3892 2124 3944 Droit
2170 3894 2236 3945 de
2281 3905 2494 3945 succes-

365 3975 485 4026 sion
511 3976 542 4025 a
566 3976 819 4040 AtheneS‚
842 3981 1067 4041 passim.

428 4063 501 4126 (2)
532 4065 760 4129 Euripid.
790 4066 899 4116 Ion.
