3064 4949
1260 558 1342 568 .-
1388 520 1472 589 37
1525 558 1613 569 -.

370 656 607 752 invidia
650 667 962 725 consueta
996 658 1340 743 fratribus,
1399 661 1550 749 qui,
1605 670 1839 728 natura
1876 661 2193 748 aequaleS,
2238 647 2504 728 alterius

371 769 632 858 imperii
706 770 1115 859 impatientes
1189 782 1340 839 sunt
1425 796 1440 839 ε
1531 775 1705 842 hunc
1777 784 1995 842 tamen
2063 775 2459 862 Agamemno
2485 828 2501 858 ,

374 884 666 973 quamvis
728 885 788 953 ei
832 886 1003 953 haud
1042 884 1383 956 'immerito
1444 888 1916 977 indignaretur,
1979 880 2301 973 laudanda
2352 890 2507 958 allo-
2583 954 2592 965 ,

373 1000 596 1088 quitur
631 1000 986 1083 modestia,
1031 1001 1310 1091 quippe,
1365 1024 1401 1069 «
1440 1003 1586 1071 volo
1637 1013 1733 1086 te,
1776 1003 1872 1071 uti
1924 1003 2230 1097 fratrem,
2286 1024 2507 1092 repre-

371 1117 685 1200 hensum,
737 1117 979 1205 inquit,
1033 1117 1305 1184 honesto
1371 1119 1565 1187 modo
1614 1118 2006 1208 paucisque,
2066 1139 2186 1187 nec
2236 1118 2507 1186 sublatis

369 1231 785 1320 impudenter
843 1231 1205 1321 superciliis
1270 1232 1393 1322 (1).
1456 1255 1491 1299 ›>
1554 1232 1709 1315 Sed,
1774 1255 1849 1301 ex
1910 1233 2228 1301 sententia
2287 1234 2502 1318 chori,

373 1349 606 1417 acerba
642 1367 749 1416 res
789 1358 884 1416 est
921 1347 1092 1416 inter
1129 1357 1433 1435 cognatos
1488 1347 1631 1415 fieri
1685 1347 1829 1416 lites
1890 1357 1954 1416 et
2010 1348 2296 1417 convicia
2337 1348 2436 1438 (2)
2486 1370 2500 1415 ε

339 1462 452 1530 -iis
491 1462 664 1530 enim
701 1461 1276 1545 contendentibus,
1322 1460 1574 1529 advenit
1612 1460 1875 1529 interim
1916 1462 2275 1550 Iphigenia,
2317 1484 2500 1551 quae,

286 1629 292 1632 ⁴
373 1597 520 1644 cum
582 1576 647 1643 in
709 1586 1128 1665 conspectum
1191 1575 1507 1644 exercitus
1566 1575 1896 1658 inciderit,
1962 1596 2094 1644 non
2146 1576 2283 1665 jam
2342 1578 2509 1646 valet

371 1691 649 1760 mortem
688 1691 1036 1759 declinare.
1085 1692 1303 1774 Tunc,
1347 1690 1720 1779 compositis
1759 1690 2130 1773 discordiis,
2181 1690 2507 1758 fraternus

272 1834 276 1838 ·
372 1826 579 1888 amor,
646 1806 759 1893 qui
821 1804 1344 1895 propinquorum
1406 1804 1647 1872 misera
1720 1815 1896 1873 sorte
1964 1805 2273 1873 excitatus
2338 1805 2507 1872 inter

302 1988 307 1993 ,
371 1940 696 1989 aerumnas
757 1920 923 1987 miro
979 1921 1320 2008 splendore
1376 1921 1619 2001 elucet,
1674 1921 1775 1987 his
1830 1941 2091 2008 quoque
2142 1919 2316 1987 subit
2369 1920 2507 1987 ani·

372 2057 577 2105 mum.
633 2018 957 2123 Namque,
1005 2036 1373 2118 MenelauS,
1417 2035 1654 2102 auditis
1693 2035 1968 2102 infelicis
2003 2035 2219 2103 fratris
2257 2035 2505 2123 questi-

372 2150 528 2233 hus,
594 2149 992 2217 acerbissimi
1043 2149 1285 2217 doloris
1329 2149 1692 2238 particePS,
1751 2150 2042 2218 dextram
2096 2149 2154 2217 ei
2191 2150 2501 2238 porrigit,

372 2285 603 2353 quem,
649 2273 895 2332 mutato
934 2284 1266 2347 sermone,
1311 2285 1394 2331 ne
1433 2264 1633 2331 filiam
1671 2263 1920 2332 occidat
1952 2265 2272 2345 hortatur,
2320 2284 2499 2346 cum,

372 2378 523 2446 visis
554 2378 692 2467 ejus
727 2378 1044 2460 lacrimis,
1080 2388 1143 2445 et
1179 2378 1319 2466 ipse
1357 2378 1689 2461 lacrimet,
1729 2399 1849 2446 nec
1874 2380 2118 2466 justum
2155 2377 2508 2446 arbitretur

375 2514 526 2562 eum
584 2514 879 2580 gemere,
926 2515 995 2561 se
1056 2514 1208 2562 vero
1268 2493 1502 2576 laetari,
1571 2514 1693 2562 nec
1750 2494 2018 2561 fratrem
2084 2492 2376 2560 amittere
2434 2501 2509 2560 ut

374 2609 685 2677 Helenam
724 2608 1030 2698 accipiat,
1072 2611 1317 2676 malum
1355 2629 1474 2697 pro
1511 2608 1708 2676 bono.
1778 2608 1927 2691 Cui,
1971 2620 2230 2698 arrepta
2268 2629 2501 2691 manu,

373 2722 629 2790 veniam
686 2723 794 2789 dat
840 2723 1272 2810 Agamemn03
1331 2722 1636 2810 additque
1684 2723 1823 2790 haec
1869 2723 2064 2790 verba
2116 2743 2262 2810 quae
2309 2721 2506 2789 animi

377 2838 820 2906 excellentiam
847 2837 1112 2905 omnino
1137 2839 1468 2906 declarant
1506 2860 1518 2903 ε
1561 2861 1596 2905 (ε
1640 2839 1858 2905 Laudo
1899 2846 1992 2921 te,
2028 2837 2148 2922 ait,
2184 2838 2465 2905 Menelae
2486 2890 2502 2920 ,

374 2953 549 3041 quod
602 2962 842 3042 praeter
882 2972 1105 3020 meam·
1134 2953 1510 3041 opinionem
1559 2954 1675 3021 has
1732 2973 1919 3021 voces
1964 2962 2176 3033 recte,
2236 2962 2300 3019 et
2338 2962 2411 3019 ut
2446 2961 2508 3019 te

376 3068 593 3152 decet,
659 3068 961 3152 emisisti3
1029 3070 1417 3138 discordiam
1463 3069 1673 3152 enim,
1739 3049 1883 3158 quae
1931 3068 2100 3135 inter
2150 3067 2383 3134 fratres
2435 3087 2510 3133 ex

376 3185 688 3271 augendae
730 3185 961 3252 domus
1010 3184 1361 3272 cupiditate
1413 3184 1725 3268 nascitur,
1782 3183 2123 3252 abominor
2160 3182 2509 3271 odiumque

381 3309 806 3388 cognatorum
855 3300 1117 3387 utrique
1167 3301 1538 3368 luctuosum
1592 3299 1712 3389 (3).
1772 3322 1805 3365 »
1858 3300 1953 3367 Ita
1999 3319 2151 3367 sane
2204 3298 2375 3387 regis
2414 3307 2511 3365 est

332 3405 335 3406 ⁷
378 3415 785 3483 iracundiam
827 3414 1129 3483 cohibere
1153 3468 1169 3498 ,
1238 3437 1434 3503 quem
1486 3417 1672 3485 decet
1717 3436 1848 3483 non
1897 3415 2206 3502 dignitate
2259 3424 2509 3482 tantum

380 3532 493 3598 sed
534 3529 783 3598 eximiis
824 3529 1019 3599 etiam
1059 3530 1358 3599 sensibus
1397 3552 1540 3599 esse
1576 3540 2037 3619 praestantem.-

444 3686 517 3751 (1)
548 3686 778 3751 Euripid.
806 3651 973 3751 Iphig.
1006 3688 1060 3736 in
1086 3689 1204 3737 Aul.
1232 3687 1345 3739 378.

443 3774 517 3837 (2)
545 3777 1076 3838 Aetvbvfmmyvfiwtm
1108 3776 1352 3837 γίγνεσθαι
1379 3776 1550 3838 λόγους

545 3864 702 3927 μάχας
723 3865 782 3924 θ’,
807 3866 923 3913 ὅταν
951 3865 1059 3913 ποτ’
1094 3864 1377 3927 ἐμπέσωσιν
1400 3866 1466 3920 εἰς
1488 3864 1606 3930 ἔριν.
1674 3864 1802 3913 Ibid.
1830 3863 1941 3916 376.

447 3951 521 4014 (3)
553 3953 755 4017 Ταραχὴ
781 3953 820 4000 δ’
849 3952 1066 4014 ἀδελφῶν
1097 3954 1178 4001 διά
1201 3951 1245 4001 τ’
1279 3953 1439 4018 ἔρωτα.
1463 3953 1680 4016 γίγνεται

555 4041 833 4096 πλεονεξίαν
859 4057 911 4089 τε
934 4040 1192 4103 δωμάτων·
1228 4041 1489 4090 ἀπέπτυσα

553 4130 745 4179 τοιάνδε
775 4130 1058 4193 συγγένειαν
1085 4131 1312 4187 ἀλλήλοιν
1337 4131 1534 4195 πικράν.
1601 4128 1727 4179 Ibid.
1761 4128 1868 4179 506.
