3064 4949
1412 491 1766 558 -20-

528 634 697 714 Imo,
751 632 1018 700 consilia
1067 632 1465 719 suppeditat,
1520 652 1703 713 nam,
1763 626 2028 698 mutatis
2076 632 2398 719 partibuS,
2453 653 2644 700 senex

524 746 756 833 puellae
801 746 901 814 sui
955 765 1177 814 curam
1224 746 1581 834 permittit3
1637 744 1781 832 qui,
1828 767 1862 810 «ι
1902 744 1952 812 O
1993 744 2154 827 filia,
2203 745 2441 833 inquit,
2485 747 2641 837 quid

521 859 683 926 mihi
722 858 1096 946 agendum?
1136 881 1172 925 ι)
1221 860 1300 926 At
1340 859 1447 927 illa
1499 879 1513 925 :
1570 859 1620 927 O
1668 839 1877 947 pater,
1939 859 2166 927 eadem
2222 871 2416 947 atque
2472 861 2641 928 cives

520 973 828 1041 faciamus
868 984 1125 1062 oportet
1155 972 1492 1062 jussisque
1530 994 1878 1062 pareamus
1917 974 2041 1062 (1).
2084 972 2197 1040 Cui
2238 975 2431 1042 etiam
2468 995 2640 1044 caeco

514 1088 680 1176 pede
728 1088 1052 1156 incedenti
1119 1089 1495 1177 opitulatur,
1550 1109 1917 1178 corpusque
1982 1089 2183 1156 senile
2238 1089 2306 1157 in
2368 1091 2640 1160 amicam

517 1222 783 1270 manum
832 1203 1100 1271 inclinat
1151 1201 1254 1289 Q).
1321 1203 1457 1282 Qua
1514 1224 1710 1291 prece
1764 1203 2038 1275 sollicita
2072 1204 2381 1273 Coloneos
2434 1206 2634 1289 civeS,

517 1338 721 1406 quum
761 1338 872 1385 eos
911 1338 986 1384 ex
1022 1317 1291 1404 regione
1331 1317 1568 1405 ejicere
1599 1318 1880 1400 student,
1932 1338 2050 1406 pro
2087 1328 2353 1407 parente
2384 1329 2633 1401 exorat3
2721 1303 2725 1307 ¹

516 1431 792 1521 quippe,
856 1431 920 1498 id
978 1433 1150 1518 quod
1211 1432 1271 1498 ei
1338 1431 1753 1519 praestiterint
1815 1431 2076 1499 sibimet
2132 1453 2272 1500 essa
2337 1434 2637 1500 collatum

511 1544 902 1615 beneficium
940 1544 1384 1627 arbitrabitur,
1421 1555 1505 1627 et,
1534 1546 1595 1612 vsi
1633 1545 2041 1635 inquinatum
2081 1546 2432 1614 sceleribus
2466 1546 2637 1614 haud

510 1671 739 1748 sponte
769 1659 1063 1728 admissis
1088 1680 1218 1727 non
1247 1659 1663 1742 miserentur,
1693 1681 1775 1727 ne
1803 1660 1953 1729 filiae
1976 1681 2201 1750 preces
2231 1670 2625 1728 aversentur.

512 1774 633 1853 Qui
670 1774 906 1863 pietate
945 1773 1293 1862 conspicua
1321 1774 1399 1840 ad
1435 1773 1918 1841 miserationem
1953 1775 2243 1843 conversi
2286 1797 2300 1840 :
2349 1798 2383 1842 ε(
2423 1775 2626 1857 Scit0,

509 1887 835 1976 inquiunt,
876 1909 993 1955 nos
1033 1897 1095 1954 te
1135 1897 1329 1975 atque
1363 1887 1546 1953 illum
1575 1888 1716 1987 pari
1745 1888 2190 1956 misericordia
2227 1889 2557 1977 prosequi.
2593 1911 2626 1954 ))

597 2002 728 2070 Nec
785 2002 1052 2090 OEdipus
1110 2001 1283 2068 hunc
1341 2001 1658 2068 honoram
1725 2003 1885 2070 adeo
1949 2003 2072 2070 sibi
2141 2003 2429 2070 debitum
2492 2025 2631 2071 esse

508 2127 759 2199 censet,
805 2127 876 2184 ut
914 2127 1163 2184 tantum
1189 2116 1473 2184 studium
1499 2137 1629 2184 non
1662 2117 1801 2206 ipse
1831 2117 2103 2186 miretur
2121 2141 2138 2201 3
2177 2119 2350 2207 quod
2381 2120 2626 2202 laudat,

508 2233 680 2319 quod
721 2253 869 2299 cum
907 2231 1159 2319 ingrato
1196 2232 1414 2300 animo
1448 2232 1740 2299 filiorum
1778 2233 2047 2300 confert.
2107 2233 2216 2300 Isti
2256 2233 2461 2316 enim,
2507 2233 2656 2316 aits

506 2347 586 2413 ad
638 2346 1087 2435 AEgyptiorum
1150 2367 1364 2414 mores
1425 2356 1577 2414 sunt
1634 2347 1894 2434 ingenio
1952 2368 2026 2414 ac
2069 2347 2319 2415 vivendi
2380 2348 2630 2415 ratione

503 2461 883 2529 conformati
929 2484 943 2527 ε
989 2461 1078 2529 ibi
1119 2462 1293 2530 enim
1331 2461 1449 2530 viri
1489 2462 1665 2530 domi
1708 2448 2022 2545 resident,
2079 2471 2362 2530 texentes
2400 2463 2642 2547 telam,·

503 2574 809 2642 mulieres
853 2597 1005 2643 vero
1050 2575 1207 2643 foris
1257 2597 1403 2665 quae
1442 2586 1593 2643 sunt
1638 2577 1719 2643 ad
1766 2577 2005 2643 victum
2043 2576 2404 2664 necessaria
2453 2597 2629 2646 com-

499 2701 753 2780 parant.
799 2691 888 2757 Ex
933 2674 1115 2759 vobis
1162 2690 1455 2778 utrisque
1506 2701 1762 2772 autem,
1813 2711 1851 2757 o
1891 2700 2095 2774 natae,
2149 2711 2312 2779 quos
2364 2690 2631 2757 decebat

499 2807 664 2873 hanc
703 2806 832 2873 mei
871 2826 1096 2873 curam
1136 2795 1495 2893 suscipere,
1544 2805 1717 2872 intus
1758 2815 1909 2872 sunt
1947 2804 2171 2888 otiosi,
2230 2815 2302 2873 ut
2339 2805 2627 2892 innuptae

497 2921 761 3011 puellae;
838 2942 946 2988 vos
1017 2941 1169 2988 vero
1243 2920 1502 2987 illorum
1577 2920 1713 2987 vice
1791 2897 2058 3009 propter
2128 2939 2232 2986 me
2304 2905 2628 2987 infelicem

500 3056 823 3103 aerumnas
860 3034 1173 3124 patimini.
1218 3035 1371 3103 Haec
1410 3034 1706 3122 quidem,
1752 3055 1827 3101 ex
1864 3055 1994 3121 quo
2040 3043 2328 3101 teneram
2373 3043 2628 3101 {etatem

499 3168 757 3235 egressa
794 3135 922 3230 est,
957 3145 1257 3236 viresque
1296 3148 1555 3237 corpori
1593 3156 2036 3230 accesserunt,
2075 3166 2336 3233 semper
2370 3166 2626 3213 mecum

496 3263 713 3331 infelix
754 3273 1132 3351 pervagata,
1185 3283 1407 3330 senem
1466 3263 1671 3346 ducit,
1733 3284 1904 3351 saepe
1953 3283 2073 3350 per
2128 3282 2389 3349 asperas
2440 3260 2627 3328 silvas

496 3385 878 3467 montesque
916 3378 1188 3465 nudipes
1233 3399 1307 3446 ac
1349 3376 1577 3467 jejuna
1614 3397 1876 3461 erranS,
1929 3398 2101 3467 saepe
2152 3376 2346 3445 etiam
2382 3374 2626 3449 imbres

497 3493 780 3581 solisque
829 3501 1024 3560 aestus
1083 3492 1320 3560 misera
1368 3512 1711 3580 perpessa,
1769 3501 1993 3579 atque,
2043 3500 2120 3558 ut
2169 3489 2338 3579 patri
2386 3488 2626 3556 victum

497 3607 850 3689 ministret,
894 3627 970 3674 ea
1005 3606 1197 3692 regiae
1236 3608 1465 3674 domus
1506 3605 1740 3695 quibus
1790 3604 1884 3672 uti
1933 3605 2028 3672 fas
2067 3614 2237 3687 erat,
2288 3603 2642 3672 commoda·

499 3720 720 3808 abjicit
754 3720 874 3810 (3).
933 3721 1013 3788 At
1062 3721 1336 3809 egregiae
1379 3721 1644 3809 puellae,
1708 3718 1999 3808 quamvis
2064 3717 2385 3806 ejusmodi
2454 3736 2625 3805 prae-

557 3913 631 3977 (1)
657 3914 816 3978 Soph.
841 3914 1012 3978 OEdip.
1037 3915 1143 3965 Col.
1178 3914 1293 3965 170.

557 4001 631 4063 (2)
661 4000 790 4051 Ibid.
821 4001 938 4051 200.

555 4088 628 4150 (3)
654 4088 781 4138 Ibid.
812 4087 931 4139 337.
