3064 4949
1529 469 1883 539 „30-

645 615 1086 701 mentiamque
1118 613 1319 701 patris
1350 614 1418 679 in
1453 614 1661 681 filium
1691 614 2113 702 poenitentem
2149 615 2347 682 fuisse
2382 614 2587 703 magis
2623 616 2769 682 lau-—

646 728 922 799 dandam
934 749 952 811 ;
991 747 1225 816 quare,
1259 726 1635 816 Euripides,
1668 727 1967 817 OEdipum
1993 728 2243 798 inducit
2268 723 2407 797 haec
2439 728 2765 813 convicia,

646 853 954 931 tanquam
1014 841 1260 911 nefaria
1315 841 1435 909 sibi
1507 841 2044 931 exprobrantem3
2112 862 2378 932 nempe,
2445 862 2481 910 α
2547 841 2771 911 Infelix

648 977 804 1045 ego,
838 957 956 1039 ait,
996 976 1160 1045 quos
1195 955 1392 1042 genui
1421 956 1589 1025 filios
1625 956 1985 1045 fratresque
2009 977 2121 1025 eos
2153 956 2444 1045 perdidi,
2484 957 2771 1045 acceptis

645 1092 683 1138 a
719 1071 869 1139 Laio
906 1069 1479 1159 imprecationibus
1517 1091 1679 1158 quas
1716 1070 1867 1139 filiis
1902 1071 2176 1154 tradidi,
2224 1091 2356 1139 non
2393 1072 2567 1140 enim
2603 1074 2772 1140 adeo

645 1205 867 1253 amens
916 1194 1104 1252 natus
1166 1205 1308 1251 sum
1360 1195 1466 1266 ut,
1531 1184 1655 1251 nisi
1694 1205 1733 1252 a
1771 1185 1892 1252 deo
1928 1185 2279 1272 impulsuS‚
2345 1186 2414 1252 in
2468 1204 2771 1254 meorum

643 1300 835 1368 vitam
872 1300 1174 1387 loquerer
1212 1298 1474 1367 exitiosa
1504 1298 1626 1387 (1).
1672 1320 1707 1364 »
1749 1299 1903 1379 Quoe
1936 1309 2151 1367 tamen
2177 1300 2267 1368 dii
2301 1311 2442 1367 rata
2478 1300 2765 1384 iaciunt,

644 1428 779 1486 tum
818 1427 889 1485 ut
923 1428 1109 1504 pater
1145 1417 1253 1483 det
1288 1422 1512 1505 poenas
1563 1418 1737 1505 quod
1791 1427 1965 1485 tanta
2005 1418 2174 1485 mala
2219 1417 2353 1484 suis
2403 1417 2487 1485 sit
2524 1416 2772 1506 impre-

647 1542 858 1613 catus,
900 1541 1042 1599 tum
1084 1539 1157 1597 ut
1190 1530 1293 1598 isti
1338 1531 1696 1619 puniantur
1738 1531 1851 1618 qui
1895 1531 2047 1599 talia
2100 1531 2327 1599 audire
2378 1531 2764 1599 meruerint.

646 1645 777 1734 Ipsi
812 1645 1012 1713 cladis
1048 1665 1310 1712 causam
1348 1654 1689 1728 testantur,
1739 1666 1858 1712 nec
1903 1644 2157 1732 ignorat
2193 1646 2521 1735 Polynices
2572 1664 2640 1714 se
2675 1646 2773 1713 ita

644 1780 681 1827 a
730 1770 998 1847 parente
1059 1768 1394 1846 exceptum
1444 1759 1524 1825 ad
1585 1759 1941 1847 perniciem
2000 1756 2096 1826 ire
2156 1760 2587 1849 praecipitem,
2651 1761 2771 1848 qui

644 1874 978 1943 sororibus
1011 1872 1336 1958 valedicit,
1371 1873 1451 1939 ab
1485 1872 1578 1939 eis
1615 1892 1962 1960 exposcens
1989 1884 2061 1939 ut
2088 1884 2418 1940 mortuum
2458 1894 2588 1941 non
2624 1874 2772 1942 sine

642 1989 890 2057 honore
927 1987 1280 2076 patiantur,
1327 1988 1437 2055 sed
1472 1987 1917 2074 sepeliendum
1957 1997 2185 2055 curent
2225 1987 2352 2076 (ΕΖ).
2397 1989 2562 2071 Nec,
2606 1997 2772 2058 teste

645 2102 978 2192 AEschylo‚
1024 2102 1310 2169 Eteocles
1348 2100 1728 2196 indubium
1772 2102 2031 2170 adducit
2076 2102 2234 2191 quin
2270 2102 2770 2190 imprecationes

645 2217 734 2286 dii
773 2217 901 2284 sint
937 2216 1284 2306 perfecturi
1322 2215 1572 2302 sibique
1618 2217 1821 2283 fatum
1858 2226 2089 2303 parent
2137 2217 2581 2300 ineluctabile,
2624 2218 2765 2305 qui,

644 2351 727 2398 ne
765 2351 913 2399 cum
953 2331 1151 2397 fratre
1187 2338 1431 2417 pugnet
1454 2329 1893 2411 hortantibus,
1932 2353 1968 2397 c
2008 2332 2267 2419 quando
2306 2331 2562 2419 quidem
2602 2332 2772 2400 hano

647 2465 785 2514 rem
824 2446 1017 2527 deuS,
1059 2444 1178 2527 ait,
1234 2453 1409 2512 certo
1446 2452 1711 2531 urgeat,
1765 2445 1954 2512 adeat
1995 2445 2239 2513 undam
2283 2444 2494 2535 Cocyti
2528 2445 2771 2516 Phoebo

645 2558 924 2626 invisum
986 2559 1191 2627 totum
1252 2558 1382 2625 Laii
1443 2579 1650 2645 genus
1711 2556 1837 2646 (3).
1884 2580 1919 2625 1>
1979 2560 2062 2626 At
2114 2560 2390 2641 choruS‚
2453 2581 2486 2626 ε(
2535 2561 2774 2628 horror

646 2672 934 2741 animum
1002 2673 1206 2755 subit,
1270 2672 1513 2760 inquit,
1582 2694 1665 2740 ne
1727 2671 1940 2762 OEdipi
1997 2694 2153 2742 voce
2210 2675 2514 2752 advocata
2574 2673 2771 2741 Furia

646 2807 844 2856 saevas
913 2787 1383 2854 exsecrationes
1404 2799 1431 2869 ,’
1487 2807 1565 2854 ex
1622 2787 1881 2855 vesania
1938 2788 2175 2856 mentis
2235 2789 2548 2876 prolataS‚
2618 2808 2769 2878 per-

644 2901 820 2971 ficiat
846 2902 968 2992 (4).
1016 2924 1049 2968 >³
1090 2902 1345 2985 Postea,
1380 2901 1700 2969 defunctis
1738 2901 2079 2985 fratribus,
2130 2922 2385 2971 sorores
2416 2902 2774 2971 exclamant
2851 2917 2860 2923 “

702 3095 779 3160 (l)
797 3098 987 3153 Παῖδας
1008 3097 1049 3146 τ’
1075 3097 1307 3160 ἀδελφοὺς
1325 3097 1490 3146 ἔτεκον
1505 3134 1518 3157 ,
1542 3098 1626 3152 οὓς
1646 3097 1909 3157 ἀπώλεσα,

798 3185 918 3250 ἀρὰς
939 3185 1237 3250 παραλαὸὼν
1262 3185 1420 3234 Λαΐου
1439 3222 1453 3245 ,
1478 3187 1562 3233 καὶ
1586 3186 1731 3234 παισὶ
1753 3186 1881 3242 δούς.

798 3274 872 3323 Οὐ
893 3275 986 3339 γὰρ
1006 3280 1243 3324 τοσοῦτον
1268 3274 1499 3330 ἀσύνετος
1519 3274 1692 3336 πέφυκ’
1722 3271 1821 3337 ἐχὼ
1838 3312 1852 3333 ,

797 3361 926 3411 ὥστε
959 3396 1130 3409 .....
1156 3364 1222 3417 εἰς
1247 3361 1377 3424 ἐμῶν
1402 3361 1595 3410 παίδων
1618 3361 1725 3423 βίον
1741 3398 1753 3420 ,

798 3448 912 3497 ἄνευ
934 3449 1055 3498 θεῶν
1081 3466 1168 3498 του
1186 3486 1199 3509 ,
1226 3449 1363 3521 ’ταῦτ’
1387 3448 1792 3511 ἐμηχανησάμην.

1567 3534 1745 3597 Eurip.
1771 3534 2030 3584 Phoeniss.
2056 3533 2198 3583 1610.

702 3622 776 3686 (2)
803 3622 961 3686 Soph.
986 3623 1151 3686 AEdip.
1179 3623 1285 3673 Col.
1306 3621 1602 3672 1399-1409.

702 3709 777 3774 (3)
810 3712 946 3763 Ἐπεὶ
965 3715 1021 3762 τὸ
1045 3717 1246 3777 πρᾶγμα
1267 3712 1402 3777 κάρτ’
1426 3712 1713 3775 ἐπισπέρχει
1735 3712 1839 3767 Θεὸς
1859 3747 1871 3770 ,

795 3799 887 3849 itm
909 3801 1015 3850 κατ’
1042 3800 1184 3865 οὖρον
1206 3805 1340 3862 κῦμα
1372 3801 1612 3848 Κωκυτοῦ
1636 3799 1787 3860 λαχὸν

798 3887 969 3949 Φοίδῳ
993 3888 1223 3949 στυγηθὲν
1243 3892 1340 3936 πᾶν
1366 3888 1423 3936 τὸ
1456 3884 1616 3934 Λαΐου
1642 3884 1796 3947 γένος.

1569 3970 1795 4036 ίΕεοΙηῙ,
1818 3970 1958 4035 Sept.
1983 3972 2045 4023 A.
2069 3972 2232 4023 Theb.
2256 3971 2369 4022 689.

703 4057 777 4120 (4)
806 4058 934 4112 Ibid.
963 4058 1070 4109 ¹720.
