3064 4949
1180 533 1535 601 ...69-

294 685 393 740 est
429 675 602 741 Atrei
645 696 720 741 ac
756 675 1043 763 Thyestae
1090 676 1489 742 horrendum
1539 674 1927 756 convivium,
1982 677 2154 761 quod
2190 677 2419 744 Furias
2494 706 2512 711 ·

293 787 361 854 in
413 789 584 856 aedes
634 788 1016 869 introduxit,
1072 788 1324 876 fuitque
1375 790 1521 856 fons
1578 788 1869 855 omnium
1918 788 2236 856 scelerum
2291 790 2412 878 (1).

291 901 644 969 Cassandra
674 902 848 969 enim
870 894 1370 988 Agamemnonis
1399 903 1643 969 caedem
1668 902 1989 990 majorum
2025 902 2419 971 facinoribus

293 1016 599 1102 imputat,
655 1011 1114 1103 adstantesque‘
1156 1014 1311 1098 viri,
1364 1035 1568 1103 quum
1614 1036 1757 1082 sese
1807 1016 1887 1082 ad
1935 1036 2097 1104 opus
2144 1017 2421 1105 accingit

292 1128 810 1217 Clytaemnestra,
850 1130 1244 1197 exclamant:
1285 1151 1320 1195 c<
1358 1127 1422 1196 Si
1461 1128 1931 1215 Agamemnoni
1969 1129 2418 1197 defunctorum

293 1241 574 1309 aliorum
614 1242 945 1329 sanguinis
983 1262 1194 1330 poenae
1233 1251 1383 1309 sunt
1419 1241 1710 1323 luendae,
1762 1241 1909 1329 quis
1948 1244 2208 1310 tandem
2246 1264 2418 1311 mor-

293 1356 517 1423 talium
540 1378 607 1423 se
625 1356 905 1423 innocuo
930 1355 1121 1442 genio
1147 1363 1373 1421 natum
1403 1375 1544 1422 esse
1565 1355 1943 1441 gloriabitur
1961 1355 2082 1444 (Ξ).
2102 1377 2137 1422 ))
2165 1356 2415 1439 Postea,

292 1479 499 1536 matre
549 1471 630 1536 ab
680 1469 901 1538 Oreste
942 1469 1187 1551 occisa,
1242 1469 1476 1536 chorus
1527 1469 1774 1536 cladem
1824 1468 2283 1538 hereditariam
2320 1493 2425 1539 re-

290 1585 620 1670 cognoscit
677 1593 1202 1672 permanentem,
1258 1603 1525 1672 nempe,
1588 1606 1621 1650 «
1674 1583 1776 1650 his
1821 1584 2108 1666 aedibuS,
2165 1585 2415 1672 inquit,

292 1699 483 1766 tertia
544 1699 781 1785 irrupit
834 1698 1196 1780 calamitas,
1255 1718 1494 1786 pueros
1558 1697 1732 1764 enim
1782 1698 2023 1765 voravit
2079 1698 2415 1787 Thyestes,

290 1812 522 1880 deinde
571 1812 639 1878 in
691 1813 922 1880 balneo
972 1813 1101 1879 dux
1149 1810 1534 1878 Achivorum
1583 1820 1680 1879 est
1724 1811 2189 1900 interemptuS,
2233 1818 2421 1881 'nunc

289 1926 478 1993 tertia
514 1925 690 1992 venit
722 1925 1082 2013 pernicies3
1128 1945 1272 2012 quae
1319 1926 1579 2011 quando
1631 1924 1830 1991 finem
1882 1925 2145 1993 habebit
2184 1925 2280 2015 (3)
2307 1927 2339 1992 ‘2
2379 1947 2414 1992 )>

379 2039 560 2105 Hanc
615 2038 975 2106 doctrinam
1025 2038 1220 2105 tutari
1268 2037 1636 2126 AEschylum
1688 2038 2103 2121 arbitramur,
2161 2050 2233 2106 ut
2267 2060 2419 2107 con-

286 2152 503 2220 firmet
554 2173 748 2240 quam
799 2161 972 2219 arcta
1027 2151 1155 2219 sint
1205 2151 1708 2240 propinquitatis
1755 2152 2039 2234 vincula,
2098 2153 2420 2241 simulque

285 2275 589 2354 parentes
625 2266 922 2333 hortetur
959 2266 1038 2332 ad
1075 2267 1392 2352 agendam
1426 2267 1495 2332 in
1536 2266 1797 2355 optimis
1836 2266 2083 2333 artibus
2120 2275 2375 2334 aetatem
2397 2321 2414 2351 ,

285 2389 361 2446 ut
416 2380 648 2447 domus
699 2376 961 2460 flore‘at,
1018 2398 1195 2465 quae,
1262 2380 1317 2445 si
1363 2380 1516 2446 mali
1560 2382 1804 2463 forent,
1863 2402 1900 2447 a
1946 2379 2066 2447 diis
2116 2380 2419 2448 omnibus

282 2494 750 2562 calamitatibus
811 2493 1220 2561 obrueretur.
1291 2493 1429 2573 Quo
1495 2492 1723 2583 pacto,
1788 2504 2117 2584 praecepta
2182 2496 2412 2579 tradit,

282 2608 424 2697 ipsa
459 2608 740 2676 numinis
779 2607 1160 2675 auctoritate
1197 2617 1360 2675 rata.
1851 2584 1862 2595 ⁸

373 2721 487 2790 Cui
526 2722 870 2809 Sophocles
909 2742 1080 2809 saepe
1131 2722 1482 2804 consentit,
1539 2723 1672 2789 vult
1705 2742 1966 2809 quoque
2004 2732 2266 2810 patr-um
2303 2723 2416 2790 de-

279 2836 429 2904 licta
464 2835 613 2902 filiis
651 2834 929 2901 adscribi
949 2857 966 2917 ;
1008 2836 1086 2902 de
1125 2856 1254 2922 qua
1287 2855 1359 2902 re
1395 2835 1713 2902 illustrius
1752 2844 1849 2903 est
1886 2835 2106 2922 OEdipi
2140 2857 2215 2903 ac
2253 2836 2416 2904 Lab-

279 2950 659 3018 dacidarum
720 2949 1086 3036 exemplum
1147 2970 1340 3038 quam
1405 2958 1476 3016 ut
1539 2950 1598 3016 ei
1661 2948 1904 3016 diutius
1962 2949 2409 3017 immoremur.

280 3065 447 3132 Deos
487 3064 677 3131 etiam
728 3063 797 3129 in
844 3066 1011 3129 hanc
1052 3084 1314 3131 causam
1351 3073 1534 3131 vocat
1586 3072 1649 3130 et
1683 3063 2414 3131 habet'domesticorum

279 3177 647 3244 officiorum
697 3185 1084 3258 assertoreS,
1143 3197 1263 3243 nec
1317 3186 1530 3243 tamen
1589 3176 2027 3263 spectantibus
2074 3186 2409 3245 monstrat.

280 3289 445 3358 Sunt
498 3310 686 3371 ver0,
753 3300 827 3355 ut
885 3289 975 3356 ita
1037 3288 1286 3371 dicam,
1358 3297 1506 3376 post
1565 3309 1824 3356 scenam
1898 3290 2288 3374 absconditi,
2354 3301 2419 3359 et

277 3406 556 3472 latentes
591 3424 901 3493 personas
937 3413 1216 3471 movent.
1249 3403 1370 3471 Per
1394 3390 1570 3471 vates
1596 3405 1981 3492 plerumque
2019 3405 2409 3493 loquuntur;

185 3535 198 3549 ·
278 3518 558 3585 Tiresias
598 3517 772 3584 enim
826 3518 1109 3601 declarat
1156 3518 1497 3606 parricidae
1550 3518 1763 3605 OEdipi
1799 3518 2144 3605 praesentia
2181 3519 2411 3586 urbem

279 3630 520 3719 pollui,
565 3630 706 3718 ipse
744 3629 1008 3716 OEdipus
1045 3632 1198 3698 deos
1236 3630 1305 3696 in
1342 3631 1508 3699 filios
1548 3640 1851 3699 nocentes
1889 3632 2227 3719 implorat,
2269 3631 2413 3720 qui-

278 3747 407 3813 bus
445 3755 664 3832 partes
701 3744 996 3811 vindictae
1045 3745 1380 3832 permittit.
1435 3745 1697 3827 Postea,
1754 3745 2033 3814 oraculis
2071 3746 2405 3829 invitatus,

345 3938 420 3999 (1)
441 3936 668 4000 AEschyl.
694 3937 880 3999 Agam.
902 3936 1042 3985 1189.

345 4024 420 4086 (2)
442 4023 571 4073 Ibid.
595 4020 736 4071 1338.

347 4111 421 4173 (3)
442 4109 668 4173 AEschyl.
694 4108 921 4171 Choeph.
952 4109 1092 4161 1065.
