3064 4949
1291 505 1644 573 -41-

410 667 559 714 cum
596 668 819 735 poenas
858 647 1108 716 dederit
1153 648 1442 716 Eteocles
1480 648 1653 737 quod
1697 667 1866 735 opes
1899 655 2200 735 paternas
2250 645 2529 733 pessima

406 762 755 851 cupiditate
793 763 1159 846 retinuerit,
1203 762 1665 854 Polynicesque
1701 763 1875 851 quod
1914 782 2094 829 arma
2143 760 2531 828 converterit

406 876 475 944 in
532 878 836 966 patriam,
903 879 1127 962 amb0,
1190 879 1463 961 mortui,
1529 878 1831 946 videntur
1888 878 2118 944 fratres
2182 874 2530 942 miserrimi

300 1054 309 1057 a
407 1013 687 1080 quorum
738 1002 979 1062 sortem
1039 994 1356 1063 infelicem
1421 1004 1485 1060 et
1543 994 1868 1060 adstantes
1922 992 2092 1059 cives
2149 999 2214 1057 et
2272 1010 2530 1057 sorores

405 1106 729 1196 imprimis
766 1109 1125 1196 deplorant.
1174 1109 1270 1176 Ita
1308 1117 1524 1176 tamen
1561 1109 1799 1176 chorus
1833 1126 2181 1196 personam
2217 1106 2416 1192 gerit,
2457 1114 2530 1173 ut

404 1244 556 1312 pars
612 1224 842 1292 domus
898 1224 1223 1306 studiosa,
1281 1224 1686 1313 Polynicem,
1738 1224 1828 1289 nil
1878 1243 2082 1311 pensa
2130 1220 2523 1301 rebellione,

405 1336 778 1420 miseretur,
822 1359 998 1426 quae,
1045 1361 1079 1405 «
1122 1337 1340 1406 saeviat
1376 1338 1534 1405 urhs
1570 1338 1668 1406 vel
1706 1359 1839 1406 non
1880 1337 2117 1418 saeviat,
2160 1337 2271 1417 ait,
2312 1335 2381 1402 in
2419 1341 2555 1403 eos'

406 1451 519 1539 qui
584 1452 946 1541 Polynicem
1006 1453 1277 1535 deflent,
1335 1474 1454 1521 nos
1517 1473 1669 1520 vero
1733 1473 1880 1520 eum
1927 1473 2059 1520 una
2104 1451 2523 1540 sepeliemuS,

406 1565 625 1633 civitas
688 1567 858 1634 enim
919 1588 1065 1655 quae
1131 1577 1281 1635 sunt
1329 1568 1507 1656 justa
1574 1568 1808 1656 probat
1868 1565 1999 1655 (l);
2067 1588 2102 1632 ))
2168 1586 2318 1654 pars
2375 1585 2528 1632 vero

410 1677 642 1760 altera,
685 1698 830 1764 quae
871 1677 1097 1766 patriae
1133 1687 1347 1766 partes
1384 1677 1519 1766 agit
1555 1677 1707 1745 huic
1752 1678 1835 1745 ob
1880 1685 2268 1764 susceptum·
2287 1675 2527 1743 bellum

404 1790 703 1874 infensae,
755 1812 905 1859 eum
955 1792 1202 1860 deserit
1243 1802 1318 1859 ut
1364 1792 1687 1860 Eteoclem
1733 1800 2067 1879 sequatur,
2112 1790 2351 1878 quippe
2392 1812 2425 1856 «
2469 1789 2528 1856 ei

404 1906 598 1973 modo
647 1907 1020 1988 favendum,
1077 1906 1450 1974 auctoribus
1514 1915 1580 1974 et
1643 1906 1894 1975 civitate
1958 1915 2023 1973 et
2068 1904 2352 1993 justitia,
2416 1905 2528 1992 qui

402 2019 830 2088 Cadmeorum
878 2020 1231 2104 civitatem,
1279 2042 1360 2088 ne
1409 2018 1913 2102 subverteretur,
1958 2019 2161 2087 tuitus
2200 2019 2281 2086 sit
2321 2018 2442 2106 (2).
2488 2039 2524 2084 >³

402 2134 482 2198 At
541 2152 828 2216 sororeS,
897 2135 1075 2202 nullo
1139 2135 1503 2203 istiusmodi
1571 2134 1941 2203 discrimine
2000 2134 2198 2216 fact0,
2269 2132 2529 2220 utrique

402 2266 625 2334 parem
664 2268 951 2316 amorem
989 2270 1345 2338 paremque
1384 2229 1651 2339 operam
1690 2249 2094 2337 impertiunt,
2124 2257 2187 2315 et
2214 2247 2530 2334 Antigona

401 2362 826 2431 Cadmeorum
878 2364 1284 2453 principibus
1344 2366 1559 2453 palam
1607 2364 1799 2432 edicit
1837 2388 1871 2431 «
1913 2385 1980 2431 se
2038 2364 2342 2446 fratrem,
2408 2363 2527 2430 etsi

401 2500 594 2547 nemo
634 2480 805 2548 adsit
838 2479 1295 2564 auxiliaturus,
1340 2482 1641 2570 sepulcro
1693 2480 2132 2561 condituram,
2182 2499 2395 2567 neque
2442 2479 2525 2547 ob

401 2595 764 2683 periculum
803 2596 1142 2684 minasque
1181 2595 1496 2679 territam,
1541 2616 1755 2684 neque
1793 2595 2282 2663 erubescentem
2321 2594 2527 2683 negli-

401 2709 685 2797 gentiam
722 2710 941 2798 injusti
977 2710 1269 2797 imperii,
1316 2731 1463 2778 cum
1506 2710 1637 2777 vim
1675 2710 2018 2777 maximam
2056 2709 2224 2776 inter
2257 2708 2527 2797 propin-

402 2845 567 2912 quos
619 2824 1145 2912 consanguinitas
1190 2825 1425 2892 habeat
1463 2824 1585 2915 (3).
1645 2847 1679 2890 ³>
1735 2826 1870 2893 Hoc
1927 2825 2120 2892 modo
2178 2823 2529 2891 absolvitur

401 2940 678 3029 AEschyli
742 2940 998 3021 fabula,
1067 2950 1176 3023 ut,
1245 2940 1572 3008 succensis
1638 2940 1923 3030 primum
1989 2938 2216 3007 animis
2281 2938 2528 3006 bellicae

402 3054 611 3121 laudis
647 3056 968 3142 exempIO,
1011 3065 1374 3144 spectantes
1410 3064 1636 3144 postea
1672 3054 1951 3122 dimittat
1987 3053 2233 3121 eximiae
2270 3051 2526 3141 pietatis

402 3169 827 3238 admiratione
867 3179 1123 3259 captos,
1171 3170 1393 3259 sicque
1451 3170 1721 3240 civitatis
1754 3172 2131 3257 'domusque
2169 3169 2524 3238 commodis

402 3285 632 3353 eodem
670 3295 1053 3373 argumento
1088 3286 1414 3354 inserviat.

462 3450 536 3512 (1)
561 3453 735 3516 Δράτω
762 3470 810 3500 τι
834 3453 973 3507 πόλις
1000 3454 1083 3501 καὶ
1111 3457 1174 3515 μὴ
1203 3454 1363 3517 δράτω

551 3541 662 3595 τοὺς
686 3540 942 3595 κλαίοντας
966 3540 1256 3599 Πολυνείκη.

559 3626 728 3691 Ἡμεῖς
758 3628 842 3691 μὲν
866 3628 973 3690 ’ίμεν
995 3630 1078 3677 καὶ
1103 3629 1411 3691 συνθάψομεν

554 3716 659 3765 αἵδε
685 3717 1031 3781 προπομποί...
1062 3719 1146 3765 καὶ
1175 3717 1314 3773 πόλις
1330 3718 1493 3776 ,ἄλλως

555 3805 718 3854 ἄλλοτ’
743 3806 934 3855 ἐπαινεῖ
958 3807 1018 3854 τὰ
1045 3806 1231 3864 δίκαια.
1267 3804 1491 3868 AEschyl.
1520 3805 1660 3869 Sept.
1689 3820 1736 3854 a.
1769 3804 1930 3855 Theb.
1960 3802 2099 3852 1066.

455 3888 531 3952 (2)
560 3889 730 3952 Ἡμεῖς
756 3892 797 3939 δ’
831 3892 936 3954 ἅμα
961 3892 1093 3955 τῷδ’,
1119 3893 1286 3957 ὥσπερ
1317 3908 1367 3940 τε
1390 3892 1528 3948 πόλις

551 3983 635 4030 καὶ
657 3984 712 4032 τὸ
734 3982 921 4033 δίκαιον
950 3989 1250 4035 συνεπαινεῖ.

553 4072 634 4120 ὅδε
663 4072 918 4135 Καδμείων
941 4074 1083 4138 ἤρυξε
1110 4074 1267 4125 πόλιν.
1305 4072 1433 4122 lbid.
1465 4071 1608 4122 1073.

458 4158 530 4221 (3)
553 4162 722 4211 Δεινὸν
742 4163 798 4212 τὸ
822 4163 983 4212 κοινὸν
1010 4163 1312 4227 σπλάγχνον,
1342 4163 1400 4213 οὗ
1426 4164 1728 4227 “evonenus-J.
1761 4162 1891 4212 Ibid.
1923 4159 2065 4211 1031.
