<?xml version="1.0" encoding="UTF-8"?>
<!DOCTYPE html PUBLIC "-//W3C//DTD XHTML 1.0 Transitional//EN"
    "http://www.w3.org/TR/xhtml1/DTD/xhtml1-transitional.dtd">
<html xmlns="http://www.w3.org/1999/xhtml" xml:lang="en" lang="en">
 <head>
  <title>
</title>
<meta http-equiv="Content-Type" content="text/html;charset=utf-8" />
  <meta name='ocr-system' content='tesseract 3.04.00' />
  <meta name='ocr-capabilities' content='ocr_page ocr_carea ocr_par ocr_line ocrx_word'/>
</head>
<body>
  <div class='ocr_page' id='page_1' title='image "./domuspatronosec00poulgoog/domuspatronosec00poulgoog_0052.png"; bbox 0 0 3064 4949; ppageno 0'>
   <div class='ocr_carea' id='block_1_1' title="bbox 1447 517 1802 585">
    <p class='ocr_par' dir='ltr' id='par_1_1' title="bbox 1447 517 1802 585">
     <span class='ocr_line' id='line_1_1' title="bbox 1447 517 1802 585; baseline 0.006 -19"><span class='ocrx_word' id='word_1_1' title='bbox 1447 517 1802 585; x_wconf 70' lang='lat'><strong>...44-</strong></span> 
     </span>
    </p>
   </div>
   <div class='ocr_carea' id='block_1_2' title="bbox 497 656 2707 4076">
    <p class='ocr_par' dir='ltr' id='par_1_2' title="bbox 563 656 2706 1087">
     <span class='ocr_line' id='line_1_2' title="bbox 565 656 2703 748; baseline 0.002 -27"><span class='ocrx_word' id='word_1_2' title='bbox 565 677 740 739; x_wconf 86' lang='lat' dir='ltr'><strong>rem,</strong></span> <span class='ocrx_word' id='word_1_3' title='bbox 783 656 979 723; x_wconf 91' lang='lat' dir='ltr'><strong>invita</strong></span> <span class='ocrx_word' id='word_1_4' title='bbox 1017 657 1265 725; x_wconf 88' lang='lat' dir='ltr'><strong>civitate</strong></span> <span class='ocrx_word' id='word_1_5' title='bbox 1289 711 1304 739; x_wconf 89' lang='lat'><strong>,</strong></span> <span class='ocrx_word' id='word_1_6' title='bbox 1347 658 1756 746; x_wconf 81' lang='lat' dir='ltr'><strong>suscepisset.</strong></span> <span class='ocrx_word' id='word_1_7' title='bbox 1802 660 2130 748; x_wconf 81' lang='lat' dir='ltr'><strong>Namque,</strong></span> <span class='ocrx_word' id='word_1_8' title='bbox 2165 659 2469 726; x_wconf 89' lang='lat' dir='ltr'><strong>defuncto</strong></span> <span class='ocrx_word' id='word_1_9' title='bbox 2505 657 2656 725; x_wconf 91' lang='lat' dir='ltr'><strong>viro</strong></span> <span class='ocrx_word' id='word_1_10' title='bbox 2681 711 2703 740; x_wconf 88' lang='lat'><strong>,</strong></span> 
     </span>
     <span class='ocr_line' id='line_1_3' title="bbox 563 771 2702 862; baseline 0.001 -25"><span class='ocrx_word' id='word_1_11' title='bbox 563 771 670 838; x_wconf 90' lang='lat' dir='ltr'><strong>alii</strong></span> <span class='ocrx_word' id='word_1_12' title='bbox 725 772 1031 854; x_wconf 78' lang='lat' dir='ltr'><strong>nuberet,</strong></span> <span class='ocrx_word' id='word_1_13' title='bbox 1097 782 1187 854; x_wconf 87' lang='lat' dir='ltr'><strong>et,</strong></span> <span class='ocrx_word' id='word_1_14' title='bbox 1249 773 1488 841; x_wconf 88' lang='lat' dir='ltr'><strong>amisso</strong></span> <span class='ocrx_word' id='word_1_15' title='bbox 1541 774 1707 858; x_wconf 88' lang='lat' dir='ltr'><strong>filio,</strong></span> <span class='ocrx_word' id='word_1_16' title='bbox 1744 775 1920 862; x_wconf 40' lang='lat' dir='ltr'><strong>‚alius</strong></span> <span class='ocrx_word' id='word_1_17' title='bbox 1975 785 2145 843; x_wconf 91' lang='lat' dir='ltr'><strong>esset</strong></span> <span class='ocrx_word' id='word_1_18' title='bbox 2205 795 2281 842; x_wconf 87' lang='lat' dir='ltr'><strong>ex</strong></span> <span class='ocrx_word' id='word_1_19' title='bbox 2339 774 2466 841; x_wconf 87' lang='lat' dir='ltr'><strong>alio</strong></span> <span class='ocrx_word' id='word_1_20' title='bbox 2513 773 2702 854; x_wconf 76' lang='lat' dir='ltr'><strong>vire,</strong></span> 
     </span>
     <span class='ocr_line' id='line_1_4' title="bbox 563 886 2706 975; baseline 0.001 -24"><span class='ocrx_word' id='word_1_21' title='bbox 563 895 660 968; x_wconf 89' lang='lat' dir='ltr'><strong>at,</strong></span> <span class='ocrx_word' id='word_1_22' title='bbox 704 886 979 954; x_wconf 83' lang='lat' dir='ltr'><strong>mortuis</strong></span> <span class='ocrx_word' id='word_1_23' title='bbox 1027 887 1436 975; x_wconf 80' lang='lat' dir='ltr'><strong>parentibuS,</strong></span> <span class='ocrx_word' id='word_1_24' title='bbox 1488 908 1620 956; x_wconf 90' lang='lat' dir='ltr'><strong>non</strong></span> <span class='ocrx_word' id='word_1_25' title='bbox 1672 899 1771 956; x_wconf 88' lang='lat' dir='ltr'><strong>est</strong></span> <span class='ocrx_word' id='word_1_26' title='bbox 1819 891 1994 957; x_wconf 91' lang='lat' dir='ltr'><strong>unde</strong></span> <span class='ocrx_word' id='word_1_27' title='bbox 2042 890 2242 957; x_wconf 84' lang='lat' dir='ltr'><strong>frater</strong></span> <span class='ocrx_word' id='word_1_28' title='bbox 2292 888 2415 956; x_wconf 91' lang='lat' dir='ltr'><strong>sibi</strong></span> <span class='ocrx_word' id='word_1_29' title='bbox 2458 908 2706 955; x_wconf 87' lang='lat' dir='ltr'><strong>nasca-</strong></span> 
     </span>
     <span class='ocr_line' id='line_1_5' title="bbox 563 998 2070 1087; baseline -0.001 -21"><span class='ocrx_word' id='word_1_30' title='bbox 563 1008 673 1066; x_wconf 88' lang='lat' dir='ltr'><strong>tur</strong></span> <span class='ocrx_word' id='word_1_31' title='bbox 702 998 832 1087; x_wconf 82' lang='lat'><strong>(1).</strong></span> <span class='ocrx_word' id='word_1_32' title='bbox 2065 1005 2070 1010; x_wconf 84' lang='grc'><em>’</em></span> 
     </span>
    </p>

    <p class='ocr_par' dir='ltr' id='par_1_3' title="bbox 497 1112 2707 2466">
     <span class='ocr_line' id='line_1_6' title="bbox 649 1112 2698 1203; baseline 0.001 -23"><span class='ocrx_word' id='word_1_33' title='bbox 649 1112 802 1193; x_wconf 82' lang='lat' dir='ltr'><strong>Quae</strong></span> <span class='ocrx_word' id='word_1_34' title='bbox 860 1115 1054 1183; x_wconf 92' lang='lat' dir='ltr'><strong>verba</strong></span> <span class='ocrx_word' id='word_1_35' title='bbox 1114 1126 1264 1183; x_wconf 91' lang='lat' dir='ltr'><strong>sunt</strong></span> <span class='ocrx_word' id='word_1_36' title='bbox 1319 1115 1584 1203; x_wconf 85' lang='lat' dir='ltr'><strong>ingenio</strong></span> <span class='ocrx_word' id='word_1_37' title='bbox 1643 1116 1982 1183; x_wconf 90' lang='lat' dir='ltr'><strong>hominum</strong></span> <span class='ocrx_word' id='word_1_38' title='bbox 2044 1115 2209 1183; x_wconf 88' lang='lat' dir='ltr'><strong>mire</strong></span> <span class='ocrx_word' id='word_1_39' title='bbox 2259 1117 2698 1198; x_wconf 88' lang='lat' dir='ltr'><strong>conformata,</strong></span> 
     </span>
     <span class='ocr_line' id='line_1_7' title="bbox 562 1229 2707 1318; baseline 0.001 -23"><span class='ocrx_word' id='word_1_40' title='bbox 562 1247 710 1311; x_wconf 90' lang='lat' dir='ltr'><strong>nec,</strong></span> <span class='ocrx_word' id='word_1_41' title='bbox 788 1239 860 1296; x_wconf 91' lang='lat' dir='ltr'><strong>ut</strong></span> <span class='ocrx_word' id='word_1_42' title='bbox 921 1229 1310 1317; x_wconf 91' lang='lat' dir='ltr'><strong>quibusdam</strong></span> <span class='ocrx_word' id='word_1_43' title='bbox 1384 1230 1663 1318; x_wconf 82' lang='lat' dir='ltr'><strong>placuit,</strong></span> <span class='ocrx_word' id='word_1_44' title='bbox 1742 1231 2168 1317; x_wconf 89' lang='lat' dir='ltr'><strong>proferuntur</strong></span> <span class='ocrx_word' id='word_1_45' title='bbox 2245 1251 2320 1298; x_wconf 84' lang='lat' dir='ltr'><strong>ex</strong></span> <span class='ocrx_word' id='word_1_46' title='bbox 2384 1239 2707 1297; x_wconf 83' lang='lat' dir='ltr'><strong>consueta</strong></span> 
     </span>
     <span class='ocr_line' id='line_1_8' title="bbox 563 1342 2704 1433; baseline 0 -24"><span class='ocrx_word' id='word_1_47' title='bbox 563 1342 770 1430; x_wconf 90' lang='lat' dir='ltr'><strong>poetis</strong></span> <span class='ocrx_word' id='word_1_48' title='bbox 809 1343 1167 1412; x_wconf 89' lang='lat' dir='ltr'><strong>disserendi</strong></span> <span class='ocrx_word' id='word_1_49' title='bbox 1218 1344 1568 1412; x_wconf 85' lang='lat' dir='ltr'><strong>subtilitate</strong></span> <span class='ocrx_word' id='word_1_50' title='bbox 1616 1345 1833 1411; x_wconf 90' lang='lat' dir='ltr'><strong>minus</strong></span> <span class='ocrx_word' id='word_1_51' title='bbox 1882 1345 2253 1433; x_wconf 88' lang='lat' dir='ltr'><strong>probanda,</strong></span> <span class='ocrx_word' id='word_1_52' title='bbox 2307 1364 2510 1432; x_wconf 90' lang='lat' dir='ltr'><strong>quum</strong></span> <span class='ocrx_word' id='word_1_53' title='bbox 2562 1343 2704 1411; x_wconf 91' lang='lat' dir='ltr'><strong>dici</strong></span> 
     </span>
     <span class='ocr_line' id='line_1_9' title="bbox 563 1457 2705 1547; baseline 0 -23"><span class='ocrx_word' id='word_1_54' title='bbox 563 1457 858 1540; x_wconf 90' lang='lat' dir='ltr'><strong>solitum,</strong></span> <span class='ocrx_word' id='word_1_55' title='bbox 905 1458 960 1524; x_wconf 91' lang='lat' dir='ltr'><strong>si</strong></span> <span class='ocrx_word' id='word_1_56' title='bbox 998 1458 1142 1546; x_wconf 91' lang='lat' dir='ltr'><strong>quis</strong></span> <span class='ocrx_word' id='word_1_57' title='bbox 1177 1457 1643 1526; x_wconf 89' lang='lat' dir='ltr'><strong>amicissimum</strong></span> <span class='ocrx_word' id='word_1_58' title='bbox 1682 1459 2036 1541; x_wconf 86' lang='lat' dir='ltr'><strong>desideret,</strong></span> <span class='ocrx_word' id='word_1_59' title='bbox 2079 1458 2279 1547; x_wconf 91' lang='lat' dir='ltr'><strong>patris</strong></span> <span class='ocrx_word' id='word_1_60' title='bbox 2321 1469 2432 1526; x_wconf 88' lang='lat' dir='ltr'><strong>aut</strong></span> <span class='ocrx_word' id='word_1_61' title='bbox 2467 1458 2705 1525; x_wconf 86' lang='lat' dir='ltr'><strong>matris</strong></span> 
     </span>
     <span class='ocr_line' id='line_1_10' title="bbox 563 1572 2702 1663; baseline 0 -24"><span class='ocrx_word' id='word_1_62' title='bbox 563 1572 906 1640; x_wconf 82' lang='lat' dir='ltr'><strong>orbitatem</strong></span> <span class='ocrx_word' id='word_1_63' title='bbox 968 1573 1181 1640; x_wconf 87' lang='lat' dir='ltr'><strong>minus</strong></span> <span class='ocrx_word' id='word_1_64' title='bbox 1236 1574 1620 1663; x_wconf 82' lang='lat' dir='ltr'><strong>lugendam,</strong></span> <span class='ocrx_word' id='word_1_65' title='bbox 1689 1583 1752 1641; x_wconf 93' lang='lat' dir='ltr'><strong>et</strong></span> <span class='ocrx_word' id='word_1_66' title='bbox 1814 1574 2131 1642; x_wconf 88' lang='lat' dir='ltr'><strong>cariorem</strong></span> <span class='ocrx_word' id='word_1_67' title='bbox 2207 1593 2468 1662; x_wconf 91' lang='lat' dir='ltr'><strong>quoque</strong></span> <span class='ocrx_word' id='word_1_68' title='bbox 2542 1594 2702 1640; x_wconf 88' lang='lat' dir='ltr'><strong>eum</strong></span> 
     </span>
     <span class='ocr_line' id='line_1_11' title="bbox 561 1688 2701 1778; baseline 0.001 -23"><span class='ocrx_word' id='word_1_69' title='bbox 561 1688 800 1756; x_wconf 89' lang='lat' dir='ltr'><strong>habeas</strong></span> <span class='ocrx_word' id='word_1_70' title='bbox 842 1689 1027 1777; x_wconf 88' lang='lat' dir='ltr'><strong>cujus</strong></span> <span class='ocrx_word' id='word_1_71' title='bbox 1064 1689 1129 1756; x_wconf 92' lang='lat' dir='ltr'><strong>in</strong></span> <span class='ocrx_word' id='word_1_72' title='bbox 1166 1689 1439 1775; x_wconf 80' lang='lat' dir='ltr'><strong>gratiam</strong></span> <span class='ocrx_word' id='word_1_73' title='bbox 1489 1690 1739 1778; x_wconf 89' lang='lat' dir='ltr'><strong>majora</strong></span> <span class='ocrx_word' id='word_1_74' title='bbox 1776 1689 1864 1757; x_wconf 90' lang='lat' dir='ltr'><strong>sis</strong></span> <span class='ocrx_word' id='word_1_75' title='bbox 1904 1710 2135 1777; x_wconf 90' lang='lat' dir='ltr'><strong>passus</strong></span> <span class='ocrx_word' id='word_1_76' title='bbox 2180 1711 2194 1755; x_wconf 90' lang='lat'>:</span> <span class='ocrx_word' id='word_1_77' title='bbox 2241 1689 2332 1756; x_wconf 88' lang='lat' dir='ltr'><strong>ita</strong></span> <span class='ocrx_word' id='word_1_78' title='bbox 2379 1688 2701 1776; x_wconf 79' lang='lat' dir='ltr'><strong>Antigone</strong></span> 
     </span>
     <span class='ocr_line' id='line_1_12' title="bbox 564 1803 2699 1893; baseline -0 -22"><span class='ocrx_word' id='word_1_79' title='bbox 564 1803 684 1871; x_wconf 92' lang='lat' dir='ltr'><strong>sibi</strong></span> <span class='ocrx_word' id='word_1_80' title='bbox 723 1804 975 1873; x_wconf 88' lang='lat' dir='ltr'><strong>videtur</strong></span> <span class='ocrx_word' id='word_1_81' title='bbox 1007 1805 1153 1893; x_wconf 88' lang='lat' dir='ltr'><strong>plus</strong></span> <span class='ocrx_word' id='word_1_82' title='bbox 1178 1804 1449 1892; x_wconf 85' lang='lat' dir='ltr'><strong>diligere</strong></span> <span class='ocrx_word' id='word_1_83' title='bbox 1481 1805 1750 1872; x_wconf 88' lang='lat' dir='ltr'><strong>fratrem</strong></span> <span class='ocrx_word' id='word_1_84' title='bbox 1782 1803 1967 1892; x_wconf 89' lang='lat' dir='ltr'><strong>cujus</strong></span> <span class='ocrx_word' id='word_1_85' title='bbox 1991 1805 2075 1872; x_wconf 93' lang='lat' dir='ltr'><strong>ob</strong></span> <span class='ocrx_word' id='word_1_86' title='bbox 2104 1825 2328 1891; x_wconf 76' lang='lat' dir='ltr'><strong>curam</strong></span> <span class='ocrx_word' id='word_1_87' title='bbox 2351 1857 2368 1887; x_wconf 94' lang='lat'>‚</span> <span class='ocrx_word' id='word_1_88' title='bbox 2414 1813 2699 1891; x_wconf 79' lang='lat' dir='ltr'><strong>egestate</strong></span> 
     </span>
     <span class='ocr_line' id='line_1_13' title="bbox 497 1898 2696 2017; baseline -0.001 -31"><span class='ocrx_word' id='word_1_89' title='bbox 497 2009 506 2017; x_wconf 35' lang='grc'><em>·</em></span> <span class='ocrx_word' id='word_1_90' title='bbox 563 1928 627 1986; x_wconf 93' lang='lat' dir='ltr'><strong>et</strong></span> <span class='ocrx_word' id='word_1_91' title='bbox 680 1918 902 1987; x_wconf 86' lang='lat' dir='ltr'><strong>exsilio</strong></span> <span class='ocrx_word' id='word_1_92' title='bbox 961 1929 1211 1987; x_wconf 89' lang='lat' dir='ltr'><strong>tantum</strong></span> <span class='ocrx_word' id='word_1_93' title='bbox 1265 1941 1394 1987; x_wconf 88' lang='lat' dir='ltr'><strong>una</strong></span> <span class='ocrx_word' id='word_1_94' title='bbox 1433 1898 1583 1987; x_wconf 87' lang='lat' dir='ltr'><strong>cum</strong></span> <span class='ocrx_word' id='word_1_95' title='bbox 1637 1930 1819 2008; x_wconf 89' lang='lat' dir='ltr'><strong>patre</strong></span> <span class='ocrx_word' id='word_1_96' title='bbox 1879 1919 2199 2002; x_wconf 82' lang='lat' dir='ltr'><strong>toleratiS‚</strong></span> <span class='ocrx_word' id='word_1_97' title='bbox 2264 1928 2540 1986; x_wconf 89' lang='lat' dir='ltr'><strong>mortem</strong></span> <span class='ocrx_word' id='word_1_98' title='bbox 2592 1918 2696 1984; x_wconf 93' lang='lat' dir='ltr'><strong>vel</strong></span> 
     </span>
     <span class='ocr_line' id='line_1_14' title="bbox 561 2033 2686 2123; baseline -0.001 -22"><span class='ocrx_word' id='word_1_99' title='bbox 561 2033 1075 2101; x_wconf 82' lang='lat' dir='ltr'><strong>crudelissimam</strong></span> <span class='ocrx_word' id='word_1_100' title='bbox 1122 2034 1203 2102; x_wconf 92' lang='lat' dir='ltr'><strong>sit</strong></span> <span class='ocrx_word' id='word_1_101' title='bbox 1253 2045 1620 2123; x_wconf 83' lang='lat' dir='ltr'><strong>expertura.</strong></span> <span class='ocrx_word' id='word_1_102' title='bbox 1681 2035 1836 2115; x_wconf 86' lang='lat' dir='ltr'><strong>Quae</strong></span> <span class='ocrx_word' id='word_1_103' title='bbox 1886 2035 2070 2102; x_wconf 86' lang='lat' dir='ltr'><strong>fortis</strong></span> <span class='ocrx_word' id='word_1_104' title='bbox 2117 2043 2181 2101; x_wconf 93' lang='lat' dir='ltr'><strong>et</strong></span> <span class='ocrx_word' id='word_1_105' title='bbox 2226 2033 2433 2101; x_wconf 90' lang='lat' dir='ltr'><strong>libens</strong></span> <span class='ocrx_word' id='word_1_106' title='bbox 2482 2034 2686 2100; x_wconf 86' lang='lat' dir='ltr'><strong>fatum</strong></span> 
     </span>
     <span class='ocr_line' id='line_1_15' title="bbox 562 2148 2692 2238; baseline -0.001 -21"><span class='ocrx_word' id='word_1_107' title='bbox 562 2149 828 2237; x_wconf 85' lang='lat' dir='ltr'><strong>excipit,</strong></span> <span class='ocrx_word' id='word_1_108' title='bbox 886 2149 1233 2218; x_wconf 88' lang='lat' dir='ltr'><strong>novissima</strong></span> <span class='ocrx_word' id='word_1_109' title='bbox 1285 2151 1351 2217; x_wconf 92' lang='lat' dir='ltr'><strong>in</strong></span> <span class='ocrx_word' id='word_1_110' title='bbox 1401 2151 1546 2218; x_wconf 93' lang='lat' dir='ltr'><strong>luce</strong></span> <span class='ocrx_word' id='word_1_111' title='bbox 1596 2151 1665 2216; x_wconf 89' lang='lat' dir='ltr'><strong>in</strong></span> <span class='ocrx_word' id='word_1_112' title='bbox 1714 2149 1992 2238; x_wconf 88' lang='lat' dir='ltr'><strong>patriam</strong></span> <span class='ocrx_word' id='word_1_113' title='bbox 2040 2148 2271 2216; x_wconf 89' lang='lat' dir='ltr'><strong>urbem</strong></span> <span class='ocrx_word' id='word_1_114' title='bbox 2325 2148 2692 2235; x_wconf 88' lang='lat' dir='ltr'><strong>coelumque</strong></span> 
     </span>
     <span class='ocr_line' id='line_1_16' title="bbox 561 2263 2692 2351; baseline 0 -21"><span class='ocrx_word' id='word_1_115' title='bbox 561 2263 858 2345; x_wconf 80' lang='lat' dir='ltr'><strong>intuenS,</strong></span> <span class='ocrx_word' id='word_1_116' title='bbox 911 2264 1405 2351; x_wconf 87' lang='lat' dir='ltr'><strong>novissimisque</strong></span> <span class='ocrx_word' id='word_1_117' title='bbox 1451 2264 1663 2331; x_wconf 89' lang='lat' dir='ltr'><strong>verbis</strong></span> <span class='ocrx_word' id='word_1_118' title='bbox 1712 2263 1878 2331; x_wconf 93' lang='lat' dir='ltr'><strong>cives</strong></span> <span class='ocrx_word' id='word_1_119' title='bbox 1930 2263 2216 2351; x_wconf 91' lang='lat' dir='ltr'><strong>deosque</strong></span> <span class='ocrx_word' id='word_1_120' title='bbox 2263 2272 2459 2330; x_wconf 89' lang='lat' dir='ltr'><strong>testes</strong></span> <span class='ocrx_word' id='word_1_121' title='bbox 2497 2263 2692 2330; x_wconf 89' lang='lat' dir='ltr'><strong>advo-</strong></span> 
     </span>
     <span class='ocr_line' id='line_1_17' title="bbox 561 2376 2180 2466; baseline -0.002 -20"><span class='ocrx_word' id='word_1_122' title='bbox 561 2398 713 2446; x_wconf 89' lang='lat' dir='ltr'><strong>cans</strong></span> <span class='ocrx_word' id='word_1_123' title='bbox 750 2378 921 2466; x_wconf 93' lang='lat' dir='ltr'><strong>quod</strong></span> <span class='ocrx_word' id='word_1_124' title='bbox 962 2377 1113 2444; x_wconf 89' lang='lat' dir='ltr'><strong>talia</strong></span> <span class='ocrx_word' id='word_1_125' title='bbox 1150 2377 1392 2465; x_wconf 91' lang='lat' dir='ltr'><strong>patitur</strong></span> <span class='ocrx_word' id='word_1_126' title='bbox 1428 2377 1584 2465; x_wconf 91' lang='lat' dir='ltr'><strong>quia</strong></span> <span class='ocrx_word' id='word_1_127' title='bbox 1621 2376 1821 2445; x_wconf 91' lang='lat' dir='ltr'><strong>coluit</strong></span> <span class='ocrx_word' id='word_1_128' title='bbox 1852 2376 2180 2466; x_wconf 89' lang='lat' dir='ltr'><strong>pietatem.</strong></span> 
     </span>
    </p>

    <p class='ocr_par' dir='ltr' id='par_1_4' title="bbox 561 2491 2701 3712">
     <span class='ocr_line' id='line_1_18' title="bbox 652 2491 2694 2581; baseline -0.001 -21"><span class='ocrx_word' id='word_1_129' title='bbox 652 2493 1104 2574; x_wconf 76' lang='lat' dir='ltr'><strong>Quidmulta‘?</strong></span> <span class='ocrx_word' id='word_1_130' title='bbox 1143 2493 1297 2560; x_wconf 87' lang='lat' dir='ltr'><strong>satis</strong></span> <span class='ocrx_word' id='word_1_131' title='bbox 1334 2503 1432 2561; x_wconf 90' lang='lat' dir='ltr'><strong>est</strong></span> <span class='ocrx_word' id='word_1_132' title='bbox 1467 2494 1591 2561; x_wconf 92' lang='lat' dir='ltr'><strong>hoc</strong></span> <span class='ocrx_word' id='word_1_133' title='bbox 1631 2494 1997 2581; x_wconf 82' lang='lat' dir='ltr'><strong>exemplum</strong></span> <span class='ocrx_word' id='word_1_134' title='bbox 2034 2492 2249 2560; x_wconf 92' lang='lat' dir='ltr'><strong>nobile</strong></span> <span class='ocrx_word' id='word_1_135' title='bbox 2288 2493 2368 2560; x_wconf 91' lang='lat' dir='ltr'><strong>ad</strong></span> <span class='ocrx_word' id='word_1_136' title='bbox 2406 2491 2694 2560; x_wconf 89' lang='lat' dir='ltr'><strong>animad-</strong></span> 
     </span>
     <span class='ocr_line' id='line_1_19' title="bbox 561 2608 2695 2695; baseline -0.001 -21"><span class='ocrx_word' id='word_1_137' title='bbox 561 2608 946 2675; x_wconf 89' lang='lat' dir='ltr'><strong>vertendum</strong></span> <span class='ocrx_word' id='word_1_138' title='bbox 1005 2629 1133 2695; x_wconf 91' lang='lat' dir='ltr'><strong>qua</strong></span> <span class='ocrx_word' id='word_1_139' title='bbox 1191 2608 1442 2675; x_wconf 89' lang='lat' dir='ltr'><strong>ratione</strong></span> <span class='ocrx_word' id='word_1_140' title='bbox 1506 2608 1867 2675; x_wconf 84' lang='lat' dir='ltr'><strong>fraternum</strong></span> <span class='ocrx_word' id='word_1_141' title='bbox 1918 2627 2207 2674; x_wconf 89' lang='lat' dir='ltr'><strong>amorem</strong></span> <span class='ocrx_word' id='word_1_142' title='bbox 2253 2617 2462 2695; x_wconf 83' lang='lat' dir='ltr'><strong>poetae</strong></span> <span class='ocrx_word' id='word_1_143' title='bbox 2520 2625 2695 2674; x_wconf 91' lang='lat' dir='ltr'><strong>com-</strong></span> 
     </span>
     <span class='ocr_line' id='line_1_20' title="bbox 567 2722 2697 2810; baseline -0.001 -21"><span class='ocrx_word' id='word_1_144' title='bbox 567 2722 1058 2805; x_wconf 81' lang='lat' dir='ltr'><strong>mendaverint,</strong></span> <span class='ocrx_word' id='word_1_145' title='bbox 1107 2722 1493 2810; x_wconf 86' lang='lat' dir='ltr'><strong>quantisque</strong></span> <span class='ocrx_word' id='word_1_146' title='bbox 1552 2722 1851 2790; x_wconf 88' lang='lat' dir='ltr'><strong>laudibus</strong></span> <span class='ocrx_word' id='word_1_147' title='bbox 1911 2722 2040 2789; x_wconf 92' lang='lat' dir='ltr'><strong>sint</strong></span> <span class='ocrx_word' id='word_1_148' title='bbox 2096 2722 2423 2810; x_wconf 91' lang='lat' dir='ltr'><strong>prosecuti</strong></span> <span class='ocrx_word' id='word_1_149' title='bbox 2489 2743 2503 2787; x_wconf 89' lang='lat'><strong>:</strong></span> <span class='ocrx_word' id='word_1_150' title='bbox 2575 2741 2697 2788; x_wconf 90' lang='lat' dir='ltr'><strong>nec</strong></span> 
     </span>
     <span class='ocr_line' id='line_1_21' title="bbox 565 2837 2695 2927; baseline -0 -23"><span class='ocrx_word' id='word_1_151' title='bbox 565 2848 781 2905; x_wconf 88' lang='lat' dir='ltr'><strong>tamen</strong></span> <span class='ocrx_word' id='word_1_152' title='bbox 808 2847 984 2905; x_wconf 89' lang='lat' dir='ltr'><strong>extra</strong></span> <span class='ocrx_word' id='word_1_153' title='bbox 1013 2838 1418 2926; x_wconf 86' lang='lat' dir='ltr'><strong>propositum</strong></span> <span class='ocrx_word' id='word_1_154' title='bbox 1454 2838 1733 2906; x_wconf 90' lang='lat' dir='ltr'><strong>habetur</strong></span> <span class='ocrx_word' id='word_1_155' title='bbox 1760 2838 2056 2927; x_wconf 82' lang='lat' dir='ltr'><strong>quaedam</strong></span> <span class='ocrx_word' id='word_1_156' title='bbox 2094 2838 2422 2920; x_wconf 90' lang='lat' dir='ltr'><strong>annotari,</strong></span> <span class='ocrx_word' id='word_1_157' title='bbox 2464 2837 2695 2904; x_wconf 90' lang='lat' dir='ltr'><strong>iisdem</strong></span> 
     </span>
     <span class='ocr_line' id='line_1_22' title="bbox 566 2951 2695 3041; baseline -0 -23"><span class='ocrx_word' id='word_1_158' title='bbox 566 2951 921 3019; x_wconf 88' lang='lat' dir='ltr'><strong>insistendo</strong></span> <span class='ocrx_word' id='word_1_159' title='bbox 961 2952 1299 3041; x_wconf 80' lang='lat' dir='ltr'><strong>operibuS,</strong></span> <span class='ocrx_word' id='word_1_160' title='bbox 1359 2952 1438 3019; x_wconf 92' lang='lat' dir='ltr'><strong>de</strong></span> <span class='ocrx_word' id='word_1_161' title='bbox 1476 2961 1705 3018; x_wconf 91' lang='lat' dir='ltr'><strong>mutua</strong></span> <span class='ocrx_word' id='word_1_162' title='bbox 1740 2951 1911 3018; x_wconf 90' lang='lat' dir='ltr'><strong>inter</strong></span> <span class='ocrx_word' id='word_1_163' title='bbox 1949 2951 2266 3019; x_wconf 88' lang='lat' dir='ltr'><strong>Electram</strong></span> <span class='ocrx_word' id='word_1_164' title='bbox 2305 2960 2370 3019; x_wconf 92' lang='lat' dir='ltr'><strong>et</strong></span> <span class='ocrx_word' id='word_1_165' title='bbox 2403 2951 2695 3019; x_wconf 88' lang='lat' dir='ltr'><strong>Orestem</strong></span> 
     </span>
     <span class='ocr_line' id='line_1_23' title="bbox 566 3066 2699 3155; baseline -0.001 -20"><span class='ocrx_word' id='word_1_166' title='bbox 566 3067 856 3135; x_wconf 88' lang='lat' dir='ltr'><strong>caritate.</strong></span> <span class='ocrx_word' id='word_1_167' title='bbox 901 3068 1054 3150; x_wconf 89' lang='lat' dir='ltr'><strong>Hic,</strong></span> <span class='ocrx_word' id='word_1_168' title='bbox 1098 3088 1327 3136; x_wconf 90' lang='lat' dir='ltr'><strong>novam</strong></span> <span class='ocrx_word' id='word_1_169' title='bbox 1357 3077 1431 3135; x_wconf 93' lang='lat' dir='ltr'><strong>ut</strong></span> <span class='ocrx_word' id='word_1_170' title='bbox 1466 3068 1555 3134; x_wconf 88' lang='lat' dir='ltr'><strong>ita</strong></span> <span class='ocrx_word' id='word_1_171' title='bbox 1591 3067 1800 3134; x_wconf 90' lang='lat' dir='ltr'><strong>dicam</strong></span> <span class='ocrx_word' id='word_1_172' title='bbox 1841 3066 2124 3155; x_wconf 89' lang='lat' dir='ltr'><strong>speciem</strong></span> <span class='ocrx_word' id='word_1_173' title='bbox 2165 3066 2376 3134; x_wconf 90' lang='lat' dir='ltr'><strong>induit</strong></span> <span class='ocrx_word' id='word_1_174' title='bbox 2413 3066 2699 3134; x_wconf 87' lang='lat' dir='ltr'><strong>studium</strong></span> 
     </span>
     <span class='ocr_line' id='line_1_24' title="bbox 568 3180 2694 3264; baseline 0 -17"><span class='ocrx_word' id='word_1_175' title='bbox 568 3180 777 3264; x_wconf 88' lang='lat' dir='ltr'><strong>istud,</strong></span> <span class='ocrx_word' id='word_1_176' title='bbox 842 3203 963 3250; x_wconf 93' lang='lat' dir='ltr'><strong>nec</strong></span> <span class='ocrx_word' id='word_1_177' title='bbox 1020 3183 1342 3250; x_wconf 89' lang='lat' dir='ltr'><strong>insuetam</strong></span> <span class='ocrx_word' id='word_1_178' title='bbox 1401 3182 1805 3263; x_wconf 83' lang='lat' dir='ltr'><strong>hominibuS,</strong></span> <span class='ocrx_word' id='word_1_179' title='bbox 1871 3202 2018 3249; x_wconf 89' lang='lat' dir='ltr'><strong>cum</strong></span> <span class='ocrx_word' id='word_1_180' title='bbox 2084 3181 2333 3248; x_wconf 86' lang='lat' dir='ltr'><strong>Electra</strong></span> <span class='ocrx_word' id='word_1_181' title='bbox 2394 3182 2694 3263; x_wconf 89' lang='lat' dir='ltr'><strong>fratrem,</strong></span> 
     </span>
     <span class='ocr_line' id='line_1_25' title="bbox 569 3289 2700 3385; baseline -0 -22"><span class='ocrx_word' id='word_1_182' title='bbox 569 3317 762 3385; x_wconf 92' lang='lat' dir='ltr'><strong>quem</strong></span> <span class='ocrx_word' id='word_1_183' title='bbox 815 3306 968 3363; x_wconf 90' lang='lat' dir='ltr'><strong>natu</strong></span> <span class='ocrx_word' id='word_1_184' title='bbox 1009 3295 1218 3383; x_wconf 87' lang='lat' dir='ltr'><strong>major</strong></span> <span class='ocrx_word' id='word_1_185' title='bbox 1265 3296 1666 3379; x_wconf 89' lang='lat' dir='ltr'><strong>educaverit,</strong></span> <span class='ocrx_word' id='word_1_186' title='bbox 1720 3289 2016 3364; x_wconf 78' lang='lat' dir='ltr'><strong>materno</strong></span> <span class='ocrx_word' id='word_1_187' title='bbox 2064 3296 2249 3384; x_wconf 91' lang='lat' dir='ltr'><strong>quasi</strong></span> <span class='ocrx_word' id='word_1_188' title='bbox 2289 3296 2522 3363; x_wconf 88' lang='lat' dir='ltr'><strong>affectu</strong></span> <span class='ocrx_word' id='word_1_189' title='bbox 2562 3315 2700 3363; x_wconf 75' lang='lat' dir='ltr'><strong>am·-</strong></span> 
     </span>
     <span class='ocr_line' id='line_1_26' title="bbox 569 3409 2701 3501; baseline -0.001 -23"><span class='ocrx_word' id='word_1_190' title='bbox 569 3412 911 3501; x_wconf 88' lang='lat' dir='ltr'><strong>plectatur.</strong></span> <span class='ocrx_word' id='word_1_191' title='bbox 966 3410 1171 3491; x_wconf 90' lang='lat' dir='ltr'><strong>Quem</strong></span> <span class='ocrx_word' id='word_1_192' title='bbox 1227 3410 1387 3478; x_wconf 88' lang='lat' dir='ltr'><strong>falso</strong></span> <span class='ocrx_word' id='word_1_193' title='bbox 1433 3409 1802 3477; x_wconf 88' lang='lat' dir='ltr'><strong>nuntiatum</strong></span> <span class='ocrx_word' id='word_1_194' title='bbox 1852 3419 2184 3477; x_wconf 91' lang='lat' dir='ltr'><strong>mortuum</strong></span> <span class='ocrx_word' id='word_1_195' title='bbox 2234 3419 2542 3498; x_wconf 88' lang='lat' dir='ltr'><strong>tanquam</strong></span> <span class='ocrx_word' id='word_1_196' title='bbox 2589 3429 2701 3497; x_wconf 80' lang='lat' dir='ltr'><strong>ge—</strong></span> 
     </span>
     <span class='ocr_line' id='line_1_27' title="bbox 570 3524 2698 3615; baseline -0.001 -22"><span class='ocrx_word' id='word_1_197' title='bbox 570 3526 767 3594; x_wconf 86' lang='lat' dir='ltr'><strong>nitrix</strong></span> <span class='ocrx_word' id='word_1_198' title='bbox 824 3527 1033 3613; x_wconf 82' lang='lat' dir='ltr'><strong>luget,</strong></span> <span class='ocrx_word' id='word_1_199' title='bbox 1091 3526 1628 3614; x_wconf 88' lang='lat' dir='ltr'><strong>apprehensaque</strong></span> <span class='ocrx_word' id='word_1_200' title='bbox 1685 3546 1851 3593; x_wconf 90' lang='lat' dir='ltr'><strong>urna</strong></span> <span class='ocrx_word' id='word_1_201' title='bbox 1909 3526 1977 3594; x_wconf 89' lang='lat' dir='ltr'><strong>in</strong></span> <span class='ocrx_word' id='word_1_202' title='bbox 2036 3546 2234 3615; x_wconf 88' lang='lat' dir='ltr'><strong>quam</strong></span> <span class='ocrx_word' id='word_1_203' title='bbox 2293 3524 2698 3594; x_wconf 91' lang='lat' dir='ltr'><strong>reconditum</strong></span> 
     </span>
     <span class='ocr_line' id='line_1_28' title="bbox 573 3642 1339 3712; baseline -0.005 -1"><span class='ocrx_word' id='word_1_204' title='bbox 573 3664 727 3711; x_wconf 88' lang='lat' dir='ltr'><strong>eum</strong></span> <span class='ocrx_word' id='word_1_205' title='bbox 763 3642 969 3712; x_wconf 88' lang='lat' dir='ltr'><strong>credit</strong></span> <span class='ocrx_word' id='word_1_206' title='bbox 1006 3642 1339 3709; x_wconf 87' lang='lat' dir='ltr'><strong>exclamat.</strong></span> 
     </span>
    </p>

    <p class='ocr_par' dir='ltr' id='par_1_5' title="bbox 574 3756 2704 4076">
     <span class='ocr_line' id='line_1_29' title="bbox 661 3756 2701 3845; baseline -0.001 -22"><span class='ocrx_word' id='word_1_207' title='bbox 661 3781 695 3823; x_wconf 87' lang='lat'>«</span> <span class='ocrx_word' id='word_1_208' title='bbox 738 3756 924 3826; x_wconf 90' lang='lat' dir='ltr'><strong>Nunc</strong></span> <span class='ocrx_word' id='word_1_209' title='bbox 973 3768 1035 3825; x_wconf 90' lang='lat' dir='ltr'><strong>te</strong></span> <span class='ocrx_word' id='word_1_210' title='bbox 1094 3756 1478 3825; x_wconf 85' lang='lat' dir='ltr'><strong>exstinctum</strong></span> <span class='ocrx_word' id='word_1_211' title='bbox 1531 3766 1712 3845; x_wconf 83' lang='lat' dir='ltr'><strong>gesto</strong></span> <span class='ocrx_word' id='word_1_212' title='bbox 1764 3756 2102 3839; x_wconf 77' lang='lat' dir='ltr'><strong>manibUS‚</strong></span> <span class='ocrx_word' id='word_1_213' title='bbox 2166 3776 2205 3823; x_wconf 97' lang='lat' dir='ltr'><strong>o</strong></span> <span class='ocrx_word' id='word_1_214' title='bbox 2256 3776 2446 3843; x_wconf 91' lang='lat' dir='ltr'><strong>puer,</strong></span> <span class='ocrx_word' id='word_1_215' title='bbox 2505 3774 2701 3842; x_wconf 91' lang='lat' dir='ltr'><strong>quem</strong></span> 
     </span>
     <span class='ocr_line' id='line_1_30' title="bbox 578 3870 2702 3942; baseline -0.002 0"><span class='ocrx_word' id='word_1_216' title='bbox 578 3894 656 3942; x_wconf 82' lang='lat' dir='ltr'><strong>ex</strong></span> <span class='ocrx_word' id='word_1_217' title='bbox 696 3873 889 3940; x_wconf 93' lang='lat' dir='ltr'><strong>domo</strong></span> <span class='ocrx_word' id='word_1_218' title='bbox 939 3873 1283 3941; x_wconf 84' lang='lat' dir='ltr'><strong>florentem</strong></span> <span class='ocrx_word' id='word_1_219' title='bbox 1323 3872 1530 3941; x_wconf 92' lang='lat' dir='ltr'><strong>emisi.</strong></span> <span class='ocrx_word' id='word_1_220' title='bbox 1586 3872 1637 3940; x_wconf 91' lang='grc' dir='ltr'>Ο</span> <span class='ocrx_word' id='word_1_221' title='bbox 1681 3893 1787 3939; x_wconf 93' lang='lat' dir='ltr'><strong>me</strong></span> <span class='ocrx_word' id='word_1_222' title='bbox 1834 3872 2185 3940; x_wconf 83' lang='lat' dir='ltr'><strong>miseram!</strong></span> <span class='ocrx_word' id='word_1_223' title='bbox 2241 3871 2291 3941; x_wconf 87' lang='grc' dir='ltr'>Ο</span> <span class='ocrx_word' id='word_1_224' title='bbox 2327 3870 2702 3939; x_wconf 63' lang='lat' dir='ltr'><strong>inanes‘cu-</strong></span> 
     </span>
     <span class='ocr_line' id='line_1_31' title="bbox 574 3984 2704 4076; baseline -0.001 -20"><span class='ocrx_word' id='word_1_225' title='bbox 574 4008 681 4056; x_wconf 91' lang='lat' dir='ltr'><strong>ras</strong></span> <span class='ocrx_word' id='word_1_226' title='bbox 736 3986 973 4075; x_wconf 88' lang='lat' dir='ltr'><strong>quibus</strong></span> <span class='ocrx_word' id='word_1_227' title='bbox 1022 3987 1136 4055; x_wconf 91' lang='lat' dir='ltr'><strong>tibi</strong></span> <span class='ocrx_word' id='word_1_228' title='bbox 1176 3988 1393 4055; x_wconf 90' lang='lat' dir='ltr'><strong>cibum</strong></span> <span class='ocrx_word' id='word_1_229' title='bbox 1455 3997 1639 4075; x_wconf 81' lang='lat' dir='ltr'><strong>grato</strong></span> <span class='ocrx_word' id='word_1_230' title='bbox 1692 3987 1917 4056; x_wconf 87' lang='lat' dir='ltr'><strong>labore</strong></span> <span class='ocrx_word' id='word_1_231' title='bbox 1979 3987 2230 4076; x_wconf 87' lang='lat' dir='ltr'><strong>praebui</strong></span> <span class='ocrx_word' id='word_1_232' title='bbox 2280 3986 2436 4053; x_wconf 89' lang='lat' dir='ltr'><strong>mihi</strong></span> <span class='ocrx_word' id='word_1_233' title='bbox 2498 3984 2704 4072; x_wconf 84' lang='lat' dir='ltr'><strong>magis</strong></span> 
     </span>
    </p>
   </div>
   <div class='ocr_carea' id='block_1_3' title="bbox 638 4127 1320 4191">
    <p class='ocr_par' dir='ltr' id='par_1_6' title="bbox 638 4127 1320 4191">
     <span class='ocr_line' id='line_1_32' title="bbox 638 4127 1320 4191; baseline -0.001 -14"><span class='ocrx_word' id='word_1_234' title='bbox 638 4128 712 4191; x_wconf 85' lang='grc'><strong>(1)</strong></span> <span class='ocrx_word' id='word_1_235' title='bbox 738 4127 980 4191; x_wconf 88' lang='lat' dir='ltr'><strong>Sophocl.</strong></span> <span class='ocrx_word' id='word_1_236' title='bbox 1015 4127 1188 4191; x_wconf 82' lang='lat' dir='ltr'><strong>Antig.</strong></span> <span class='ocrx_word' id='word_1_237' title='bbox 1211 4127 1320 4177; x_wconf 86' lang='lat'><strong>905.</strong></span> 
     </span>
    </p>
   </div>
   <div class='ocr_carea' id='block_1_4' title="bbox 3036 3864 3045 4949">
    <p class='ocr_par' dir='ltr' id='par_1_7' title="bbox 3036 3864 3045 4949">
     <span class='ocr_line' id='line_1_33' title="bbox 3036 3864 3045 4949; baseline 0 0"><span class='ocrx_word' id='word_1_238' title='bbox 3036 3864 3045 4949; x_wconf 95' lang='lat' dir='ltr'><strong> </strong></span> 
     </span>
    </p>
   </div>
  </div>
 </body>
</html>
