3064 4949
1478 445 1832 514 ..18-

593 586 800 667 ditur;
864 587 1105 673 quippe
1167 588 1647 654 demonstratur
1718 609 1912 675 quam
1985 576 2288 656 funestus¹
2349 588 2433 654 sit
2502 588 2719 654 malus

590 701 945 769 liberorum
1003 701 1245 784 cultuS‚
1308 701 1421 790 qui
1470 701 1596 769 nisi
1646 712 1818 770 recte
1867 702 2108 770 fuerint
2164 701 2523 784 informati,
2577 700 2715 767 suis

591 826 785 884 erunt
820 815 1119 883 dedecori
1157 825 1220 883 et
1255 816 1466 883 exitio.
1515 816 1663 905 Ipsa
1692 816 1865 884 enim
1903 816 2150 884 Electra
2185 816 2423 883 fatetur
2461 837 2532 883 se
2569 834 2715 884 esse

587 928 948 1017 improbam
989 931 1433 1018 factorumque
1471 931 1748 1019 pudere,
1791 932 1903 998 sed
1939 930 2152 1019 turpia
2196 929 2494 997 didicisse
2531 928 2714 1016 flagi-

588 1043 771 1110 tiosis
816 1043 1314 1133 Clytaemnestrae
1353 1045 1695 1133 exemplis„
1749 1045 2167 1133 carpentique
2203 1044 2395 1111 matri
2440 1062 2712 1131 respon-

588 1157 697 1227 det
744 1178 758 1224 ε
818 1179 852 1225 α
908 1159 1050 1226 Non
1107 1158 1221 1225 tibi
1275 1159 1424 1226 licet
1470 1179 1575 1227 me
1636 1159 2145 1247 reprehendere,
2212 1179 2362 1225 nam
2423 1158 2478 1226 si
2543 1157 2712 1224 vitiis

585 1272 847 1355 laboro,
889 1274 1062 1340 haud
1100 1271 1374 1340 multum
1409 1273 1489 1340 ab
1529 1273 1790 1360 ingenio
1833 1284 1940 1341 tuo
1991 1254 2135 1340 suin
2182 1273 2466 1360 degener
2506 1292 2542 1336 xv
2582 1270 2702 1360 (1).

585 1385 722 1466 Qua
760 1407 830 1454 re
867 1397 1044 1476 patet
1080 1388 1312 1454 malam
1349 1397 1685 1475 parentem
1729 1387 2016 1475 legitimo
2055 1387 2121 1454 in
2159 1387 2397 1454 liberos
2435 1385 2711 1474 imperio

586 1519 656 1568 se
717 1500 1050 1583 abdicare,
1116 1520 1235 1569 nec
1275 1522 1464 1591 posse
1501 1501 1908 1590 praecipuum
1960 1501 2028 1568 in
2071 1502 2320 1589 prolem
2383 1499 2701 1581 officium,

585 1614 1007 1683 institutionis
1052 1616 1320 1699 scilicet,
1374 1616 1762 1704 adimplere3
1819 1636 1949 1704 quo
2011 1616 2301 1702 neglecto
2354 1624 2418 1682 et
2477 1614 2707 1681 domus

587 1738 652 1803 et
685 1729 904 1798 civitas
946 1730 1013 1798 in
1053 1751 1378 1798 summurn
1416 1731 1766 1798 discrimen
1805 1731 2238 1798 adducuntur.
2300 1729 2524 1816 Itaque
2573 1747 2707 1794 ma-

584 1842 751 1911 xime
788 1865 963 1912 curae
999 1845 1496 1912 Atheniensibus
1536 1855 1676 1913 erat
1698 1865 2057 1934 puerorum
2085 1843 2375 1911 educatio
2415 1863 2488 1910 ac
2515 1842 2708 1909 disci-

583 1956 791 2044 plina3
834 1958 902 2024 in
939 1958 1063 2026 hoc
1099 1978 1337 2026 munus
1383 1958 1676 2027 Socrates
1716 1969 1886 2026 totus
1933 1958 2261 2040 incubuit,
2315 1957 2557 2045 quippe
2594 1956 2706 2043 qui

586 2071 907 2140 dictitaret
951 2073 1210 2161 ingenia
1260 2074 1454 2141 etiam
1502 2074 1746 2162 optima
1793 2073 1991 2141 excoli
2034 2073 2305 2153 debere,
2353 2093 2473 2139 nec
2517 2090 2708 2158 posse

584 2185 877 2254 homines
925 2189 1247 2254 excelsum
1303 2208 1378 2254 ac
1426 2207 1814 2274 generosum
1862 2187 2152 2253 animum
2205 2185 2521 2267 nancisci,
2584 2184 2709 2251 nisi

584 2299 737 2387 quid
813 2299 894 2367 sit
957 2300 1298 2387 pulchrum
1351 2311 1414 2368 et
1459 2301 1706 2368 bonum
1745 2301 2167 2384 docerentur,
2212 2300 2707 2387 officiorumque

584 2414 778 2482 rudes
816 2414 935 2482 sibi
972 2414 1345 2504 civibusque
1383 2414 1646 2483 inutiles
1682 2415 1823 2483 fore
1861 2436 1934 2483 ac
1970 2415 2229 2484 nocivos
2270 2413 2389 2503 (ᾖ).
2437 2413 2506 2482 Id
2544 2433 2707 2502 quo·

582 2547 710 2615 que
762 2549 1014 2597 summa
1057 2529 1438 2597 auctoritate
1483 2529 1780 2618 praecipit
1828 2529 2203 2618 EuripideS‚
2260 2528 2446 2617 cujus
2497 2529 2707 2617 placet

582 2642 776 2710 verba
812 2641 1041 2711 referri
1080 2643 1173 2710 uti
1215 2644 1536 2712 dictorum
1573 2642 2054 2711 conclusionem
2093 2642 2539 2731 aptissimam:
2797 2641 2808 2645 ⁴

1732 2784 1796 2835 ‘H
1818 2785 1859 2833 δ’
1883 2784 2111 2850 εὐανδρία

1045 2873 1268 2922 διδακτὸν
1283 2909 1296 2932 ,
1328 2873 1463 2936 εἴπερ
1485 2873 1569 2920 καὶ
1595 2872 1765 2936 βρέφος
1782 2872 2071 2920 διδάσκεται

1042 2959 1196 3022 λέγειν
1222 2959 1417 3011 ἀκούειν
1443 2960 1480 3006 θ’
1508 2952 1574 3007 ὧν
1606 2958 1811 3020 μάθησιν
1837 2958 1928 3006 οὐκ
1953 2957 2074 3022 ἔχει.

1044 3042 1095 3093 Ἃ
1115 3045 1217 3093 δ’ὸιν
1243 3045 1367 3116 μάθῃ
1391 3061 1488 3104 τις,
1517 3049 1672 3092 ταῦτα
1693 3043 1932 3098 σώζεσθαι
1952 3046 2080 3105 φιλεῖ

1040 3133 1160 3196 πρὸς
1175 3138 1340 3196 γῆρας.
1368 3132 1513 3181 Οὕτω
1535 3131 1715 3188 παῖδας
1745 3130 1799 3179 εὖ
1821 3130 2096 3180 παιδεύετε.

1875 3216 2049 3278 Eurip.
2081 3216 2262 3278 Suppl.
2284 3215 2397 3264 913.

644 3330 718 3392 (1)
738 3329 862 3381 Ἀλλ’
892 3330 950 3379 οὗ
975 3331 1069 3393 γὰρ
1098 3330 1212 3379 οὐδὲ
1238 3332 1480 3379 νουθετεῖν
1508 3330 1661 3385 ἔξεστί
1689 3347 1774 3390 σε,

734 3505 794 3553 Et
813 3505 905 3568 γὰρ
926 3503 1117 3567 πέφυκα
1137 3505 1288 3553 τῶνδε
1316 3509 1412 3553 τῶν
1437 3505 1589 3568 ἔργων
1609 3505 1731 3570 ἴδρις

735 3590 907 3654 σχεδόν
929 3607 974 3639 τι
997 3591 1085 3648 τὴν
1106 3591 1197 3648 σὴν
1221 3592 1277 3640 οὐ
1306 3592 1624 3654 καταισχύνω
1649 3592 1811 3653 φύσιν.

1481 3678 1719 3741 Sophocl.
1748 3677 1967 3727 Electra.
1992 3676 2109 3740 595,
2134 3677 2245 3727 622.

642 3761 716 3824 (2)
740 3761 976 3827 Xenoph.
999 3764 1213 3814 Memor.
1241 3764 1298 3814 L.
1324 3764 1420 3828 IV,
1446 3759 1570 3828 Gap.
1595 3765 1637 3814 Ι.
