3064 4949
1194 516 1553 583 -65-

308 660 392 726 ad
427 679 497 726 se
524 657 700 726 trahi
721 710 737 739 ,
778 667 852 724 ut
895 657 1088 743 digna
1132 676 1253 743 pro
1302 656 1654 723 sceleribus
1704 676 1896 743 poena
1946 656 2267 724 afficiatur
2301 657 2427 746 (1).

396 772 698 841 Ceterum
732 770 1072 850 muliereS,
1113 779 1186 837 ut
1224 779 1416 838 castae
1450 780 1914 858 permaneant,
1956 790 2221 839 necesse
2263 779 2361 839 est
2399 792 2437 838 a

309 889 464 957 viris
502 899 678 956 arcta
715 908 789 955 ac
832 885 1117 974 vigilanti
1168 886 1459 954 custodia
1505 886 1907 973 praemuniri.
1950 884 2160 964 Quare
2197 886 2266 954 in
2305 886 2434 954 Me-

309 1003 572 1070 nelaum
610 1002 836 1070 Peleus
874 1019 1136 1067 causam
1172 1000 1455 1067 libidinis
1493 998 1754 1067 Helenae
1790 1000 2073 1083 confert,
2114 1000 2218 1068 cui
2256 1019 2439 1069 coer-

311 1117 532 1184 cendae
567 1135 698 1182 non
735 1113 1112 1195 attenderit,
1164 1134 1285 1180 nec
1329 1113 1675 1181 occluserit
1719 1114 2018 1196 domum,
2071 1114 2439 1202 praesertim

312 1251 552 1318 quum,
586 1229 705 1296 etsi
739 1228 958 1310 velint,
991 1228 1091 1294 vix
1120 1237 1312 1295 castae
1351 1247 1490 1295 esse
1527 1227 1779 1315 possint
1811 1228 2043 1316 puellae
2081 1237 2400 1316 spartanae
2420 1282 2436 1310 ,

312 1364 494 1431 quae,
536 1342 819 1411 thalamo
858 1361 1167 1428 egressae,
1221 1362 1352 1410 una
1391 1361 1542 1408 cum
1579 1341 1956 1430 juvenibuS,
2008 1341 2230 1408 laxatis
2268 1341 2441 1409 tuni-

312 1457 435 1540 cis,
501 1477 730 1524 cursus
786 1476 862 1523 ac
919 1457 1250 1544 palaestras
1312 1475 1689 1523 communes
1737 1456 2017 1523 habeant
2078 1455 2200 1544 (Ξ).
2266 1457 2437 1540 Imo,

310 1591 444 1638 non
479 1572 672 1637 datur
704 1569 961 1637 licentia
997 1569 1472 1636 sermocinandi
1507 1569 1682 1636 intus
1722 1589 1871 1636 cum
1905 1568 2092 1652 'viris‚
2134 1590 2256 1638 nec
2283 1590 2458 1637 cumv

310 1684 613 1772 pessimis
651 1682 931 1764 ancilliS,
975 1703 1095 1749 nec
1129 1682 1635 1777 cumqextraneis
1669 1666 2109 1750 mulieribus:
2143 1683 2444 1771 hancque

314 1818 457 1865 esse
513 1797 759 1885 peccati
810 1816 1070 1863 causam
1117 1795 1399 1864 declarat
1447 1794 1836 1878 Hermione,
1892 1805 2153 1884 experta
2204 1797 2442 1865 mentis

312 1910 824 1978 imbecillitatem
905 1930 979 1976 ac
1061 1909 1564 1997 propensionem
1634 1909 1705 1976 in
1777 1910 2169 1998 nequitiam,
2250 1932 2398 1998 quae
2421 1965 2438 1994 ,

320 2047 357 2091 «
396 2024 744 2111 Nunquam
793 2032 1079 2110 oportet,
1131 2022 1377 2110 inquit,
1432 2025 1784 2110 prudentes
1830 2024 2002 2092 viros
2052 2026 2134 2091 ad
2173 2044 2441 2091 uxorem

316 2137 533 2204 sinere
580 2136 886 2203 mulieres
932 2135 1225 2221 ingredi,
1282 2156 1485 2222 quum
1539 2136 1667 2203 sint
1717 2137 2036 2204 malorum
2089 2138 2439 2224 magistrae.

314 2250 456 2316 Alia
492 2250 754 2336 quidem
792 2269 866 2315 ex
903 2249 1085 2316 lucro
1114 2249 1456 2337 conjugem
1481 2249 1870 2337 corrumpit,
1901 2249 2031 2341 alia
2061 2271 2138 2318 ex
2164 2251 2446 2318 admissa

316 2364 509 2450 culpa
557 2362 626 2429 in
671 2363 926 2450 culpam
978 2382 1200 2431 secum
1249 2363 1384 2430 vult
1433 2384 1577 2429 eam
1627 2363 1969 2446 inducere,
2030 2365 2251 2432 multae
2293 2386 2445 2433 vero

318 2500 396 2545 ex
418 2477 698 2545 lascivia.
734 2477 976 2544 Exinde
1010 2478 1214 2544 multa
1250 2477 1372 2544 viri
1395 2477 1732 2565 patiuntur
1762 2501 1775 2544 :
1812 2479 2237 2565 quamobrem
2270 2480 2444 2547 clau·

318 2592 470 2659 stris
509 2612 586 2659 ac
623 2591 911 2658 vectibus
941 2590 1163 2678 januae
1200 2590 1599 2673 muniantur,
1632 2611 1783 2658 nam
1811 2592 2193 2660 introductae
2224 2594 2449 2660 mulie-

317 2726 427 2773 res
456 2705 549 2771 nil
576 2704 730 2772 boni
763 2704 1028 2787 faciunt,
1065 2705 1178 2773 sed
1204 2714 1428 2772 contra
1454 2705 1736 2793 plurima
1770 2707 1940 2778 mala
1967 2705 2090 2794 (3).
2124 2727 2158 2771 »
2200 2707 2447 2774 Rursus
2531 2771 2542 2778 ,

318 2819 663 2908 Euripides
689 2818 989 2901 affirmat,
1017 2807 1360 2907 postquam
1389 2820 1766 2886 monstravit
1790 2820 2088 2887 ancillam
2114 2820 2448 2888 Phaedram

319 2932 533 3020 pravis
598 2931 882 3000 consiliis
955 2932 1037 2998 ad
1107 2902 1353 2998 nefaria
1432 2932 1898 3015 adducentem,
1987 2942 2198 3000 mutas
2273 2935 2448 3001 feras

382 3127 458 3190 (1)
489 3126 715 3189 Euripid.
745 3126 929 3176 Troad.
957 3126 1068 3176 870.

384 3214 460 3276 (2)
476 3214 703 3276 Euripid.
732 3214 983 3267 Androm.
1008 3212 1118 3263 593.

384 3301 461 3363 (3)
487 3304 578 3362 (οὐ)
600 3303 704 3368 Χρὴ
731 3303 846 3358 τούς
869 3319 925 3364 γε
948 3307 1061 3351 νοῦν
1081 3302 1304 3365 ἔχοντας,
1332 3301 1404 3357 οἷς
1428 3302 1534 3350 ἔστι
1559 3304 1679 3364 γυνὴ

605 3391 725 3453 πρὸς
744 3392 831 3448 τὴν
857 3391 907 3438 ἐν
929 3390 1081 3446 οἴκοις
1101 3390 1278 3453 ἄλοχον
1304 3391 1536 3452 ὲσφοιτᾶν
1563 3390 1647 3438 ὲᾶν

605 3480 853 3538 γυναῖκας·
879 3475 1024 3524 αὗται
1045 3478 1139 3539 γὰρ
1167 3472 1454 3525 διδάσκαλοι
1476 3482 1667 3526 κακῶψ

594 3567 623 3620 ἡ
649 3564 733 3625 μέν
754 3580 801 3611 τι
822 3563 1144 3627 κερδαίνουσα
1164 3563 1443 3627 συμφθείρει
1469 3563 1635 3626 λέχος,

607 3653 638 3707 ἡ
662 3651 703 3699 δ’
727 3652 1056 3712 ἀμπλακοῦσα
1080 3654 1333 3699 συννοσεῖν
1362 3651 1486 3713 αὐτῇ
1512 3650 1666 3711 θέλει,

609 3740 785 3788 πολλαὶ
808 3740 860 3787 δὲ
890 3738 1170 3803 μαργότητι.
1197 3738 1469 3786 Κάντεῢθεν
1493 3737 1637 3799 δόμοι

611 3831 838 3874 νοσοῦσιν
861 3826 1066 3889 ἀνδρῶν.
1088 3825 1218 3887 Πρὸς
1240 3823 1343 3872 τάδ’
1364 3822 1418 3871 εὖ
1440 3823 1713 3885 φυλάσσετε

609 3913 857 3976 κλῄθροισι
884 3913 967 3960 καὶ
992 3912 1219 3973 μοχλοῖσι
1246 3910 1485 3972 δωμάτων
1513 3911 1688 3966 πύλας·

611 3998 739 4059 ὑγιὲς
756 3999 849 4063 γὰρ
873 3997 1013 4046 οὐδὲν
1035 4000 1086 4046 αἱ
1108 3997 1305 4060 θύραθεν
1330 3996 1516 4046 εἴσοδοι

612 4084 762 4148 δρῶσι
783 4091 1050 4147 γυναικῶν,
1071 4085 1195 4150 ᾆλλὰ
1216 4084 1374 4133 πολλὰ
1396 4084 1480 4131 καὶ
1502 4085 1651 4132 κακά.
1687 4083 1916 4146 Euripid.
1939 4083 2192 4132 Androm.
2218 4082 2332 4133 944.

2142 4171 2177 4223 5
