3064 4949
1289 423 1643 492 ..49-

400 565 652 652 inquit,
695 565 844 655 quis
882 576 981 634 est
1015 575 1147 634 tam
1186 567 1672 635 invulnerabilis
1719 576 1826 650 ut,
1887 566 1939 634 si
1974 567 2256 655 gladium
2306 568 2373 634 in
2409 587 2527 635 nos

401 680 772 765 strinxerit,
835 703 1062 770 parem
1121 702 1252 750 non
1315 683 1478 751 ferat
1539 683 1815 770 necem?
1867 704 1902 748 ))
1968 682 2128 749 Tum
2182 682 2335 766 iste,
2400 705 2436 751 ε(
2473 683 2529 751 is

398 817 607 886 prope
669 807 801 879 est,
881 798 1009 880 ait,
1088 818 1212 866 nec
1282 797 1465 865 abest
1522 798 1792 887 procul,
1870 798 2227 886 adspicisne
2297 817 2529 865 manus

400 934 580 980 meas
612 913 756 1002 (υἱ)
790 934 826 979 n
874 912 974 981 Sic
1013 934 1085 981 se
1119 913 1343 981 obvios
1405 913 1649 981 hahere
1706 924 2038 1001 nequeunt
2094 912 2251 1001 quin
2317 913 2532 980 statim

400 1029 607 1110 furor,
671 1047 866 1115 quem
922 1027 1252 1117 paulisper
1314 1027 1715 1116 compescuit
1775 1028 2005 1095 matris
2080 1028 2528 1110 observantia,

398 1163 629 1210 rursus
677 1144 1088 1237 accendatur,
1155 1153 1228 1210 ut
1285 1144 1386 1210 vix
1443 1165 1480 1210 a
1540 1141 1762 1232 praelio
1822 1143 2209 1210 abstineant.
2266 1142 2490 1231 Itaque
2511 1194 2529 1224 ‚

401 1267 645 1345 quanto
681 1258 952 1346 impetu,
982 1268 1223 1346 quanta
1253 1258 1447 1325 etiam
1477 1258 1805 1326 alacritate
1830 1258 1895 1324 in
1925 1267 2221 1325 mutuam
2259 1258 2529 1341 caedem,

400 1373 707 1441 horrente
768 1374 1052 1442 exercitu
1111 1394 1185 1441 ac
1238 1374 1564 1462 plerisque
1618 1373 2180 1456 illacrimantibuS,
2256 1393 2532 1441 concur-

401 1498 591 1571 runt,
636 1489 748 1577 qui
785 1488 1000 1577 impiis
1040 1488 1340 1577 precibus
1397 1489 1574 1577 ipsos
1628 1490 1782 1557 deos
1842 1488 2193 1576 implorant
2240 1497 2314 1556 ut
2352 1508 2530 1556 exse-

400 1603 718 1670 crandum
756 1602 979 1670 odium
1015 1604 1304 1672 fraterno
1343 1604 1659 1691 sanguine
1698 1605 2018 1692 expleant.

490 1717 696 1785 Ambo
733 1717 898 1784 fiunt
931 1729 1228 1786 votorum
1264 1729 1632 1806 compoteS‚
1660 1720 1945 1787 fraterna
1970 1738 2170 1786 manu
2200 1715 2527 1800 trucidati,

403 1843 636 1921 atque,
668 1834 750 1900 oh
777 1833 944 1900 hanc
979 1833 1330 1922 pessimam
1377 1835 1774 1902 voluntatem
1812 1832 2040 1901 occisis
2078 1830 2300 1898 multis
2337 1830 2527 1914 viriS‚

402 1948 713 2016 exstincta
749 1959 956 2017 matre
994 1969 1139 2037 quae
1178 1969 1246 2015 se
1280 1967 1416 2037 prae
1449 1948 1676 2015 dolore
1717 1946 2016 2033 configit,
2054 1956 2118 2013 et
2155 1943 2396 2013 civibus
2421 1996 2438 2026 ‚
2473 1956 2533 2013 et

403 2064 627 2146 matri,
672 2074 734 2131 et
764 2064 884 2131 sibi
923 2065 1184 2132 demum
1223 2062 1414 2130 exitio
1453 2072 1626 2129 sunt.
1671 2061 1808 2128 Hoc
1844 2070 2056 2150 pacto,
2106 2058 2327 2127 odium
2365 2059 2535 2126 inter

401 2176 636 2244 fratres
672 2176 901 2266 patriae
939 2197 1014 2244 ac
1039 2175 1214 2264 genti
1246 2172 1758 2242 funestissimum
1791 2181 2082 2260 apparet,
2129 2170 2430 2260 ideoque,
2464 2170 2532 2236 in

402 2292 528 2360 hac
559 2314 786 2376 causa,
829 2302 1156 2381 praecepta
1191 2290 1450 2359 maximi
1487 2288 1796 2379 ponderis
1836 2309 1871 2355 a
1909 2287 2117 2375 poetis
2157 2288 2526 2355 traduntur.

465 2451 784 2516 ensuripid.
817 2451 1047 2502 Phoems.
1078 2450 1191 2501 593.
1279 2496 1287 2502 .
