3064 4949
1405 415 1757 483 -14—

522 566 614 639 tu,
640 556 896 642 mulier,
918 557 1043 625 hoc
1063 556 1445 624 incredibile
1467 556 1715 624 facinus
1740 576 1897 623 ausa
1920 554 2033 625 es?
2051 566 2143 603 '—
2166 553 2501 642 Polym.-—
2516 552 2640 621 Per

523 671 679 741 deos
715 691 970 760 precor,
1000 671 1139 739 sine
1177 691 1282 738 me
1319 670 1386 741 in
1422 670 1613 738 istam
1650 671 1940 738 furentes
1973 687 2204 736 manus
2241 667 2639 756 injicere.—

522 787 745 872 Agam.
772 825 860 836 —-
882 786 1053 854 Iram
1091 806 1460 875 compescas
1491 808 1508 869 ;
1545 785 1660 853 ubi
1696 794 1758 852 te
1792 793 1856 852 et
1886 784 2064 852 illam
2100 805 2218 873 per
2253 782 2420 851 vices
2456 783 2639 851 audi-

521 921 710 983 vero,
775 900 994 970 licebit
1049 922 1234 989 aeque
1300 900 1595 989 judicare
1641 900 1763 990 (1).
1831 922 1865 966 >³
1929 900 2007 968 Et
2064 909 2406 988 postquam
2466 899 2642 967 hunc

525 1028 904 1104 arguentem
941 1016 1281 1085 mulierem
1319 1016 1913 1099 sceleratissimam,
1954 1016 2144 1084 istam
2179 1035 2331 1083 vero
2368 1014 2640 1102 impium

524 1131 843 1219 hospitem
901 1131 1343 1221 increpantem
1406 1131 1698 1214 audivit,
1741 1151 1892 1200 eum
1942 1130 2207 1202 omnino
2257 1129 2643 1223 condemnat

525 1266 637 1313 rex
677 1269 712 1313 «
751 1247 1076 1334 quomodo
1106 1247 1302 1329 enim,
1338 1256 1399 1314 te
1430 1246 1747 1328 absolute,
1792 1245 1901 1327 ait,
1947 1245 2262 1333 probrum
2294 1242 2641 1330 effugiam?

523 1359 668 1443 Sed,
711 1381 914 1449 quum
953 1360 1180 1429 feceris
1218 1361 1590 1444 inhonesta,
1634 1381 1780 1448 quae
1830 1359 2014 1447 grata
2062 1356 2194 1426 non
2244 1367 2395 1426 sunt
2449 1358 2640 1425 etiam

523 1475 791 1563 patiaris
828 1473 973 1564 (2)‘.P
1013 1497 1047 1542 >³
1104 1475 1230 1558 Ita,
1281 1477 1407 1543 hoc
1444 1476 1694 1564 judicio
1745 1474 2155 1563 gravissimo,
2199 1473 2321 1541 iste
2365 1473 2642 1541 materni

525 1589 763 1672 amoris
832 1600 1238 1678 contemptor
1311 1591 1579 1674 merito,
1654 1590 1884 1658 occisis
1952 1589 2134 1672 filiis,
2198 1589 2328 1661 dat,
2382 1588 2642 1656 sceleris

524 1722 774 1788 poenaS.
819 1702 972 1770 Erat
1017 1703 1192 1771 enim
1241 1703 1409 1771 inter
1453 1703 1976 1792 propinquorum
2021 1701 2230 1769 officia
2279 1722 2435 1768 cura
2481 1702 2641 1769 ulci-

485 1817 778 1897 scendae
834 1817 1277 1906 proximorum
1343 1799 1594 1900 coedis,
1638 1826 1730 1899 et,
1788 1817 1840 1889 si
1900 1817 2158 1905 quando
2219 1815 2431 1903 pactio
2492 1837 2643 1884 cum

525 1931 935 2001 interfectore
976 1931 1160 2000 fieret
1189 1984 1206 2015 ,
1249 1943 1323 1999 ut
1367 1941 1506 2000 rata
1553 1932 1929 2014 haberetur,
1970 1951 2234 2003 necesse
2276 1938 2416 1997 erat
2452 1929 2644 1999 occisi

522 2055 811 2135 patrem,
851 2047 1117 2131 fratreS,
1158 2046 1399 2114 liberos
1444 2067 1669 2119 omnes
1720 2066 2055 2139 assensum
2102 2045 2398 2134 praebere
2443 2065 2457 2109 :
2509 2064 2643 2112 uno

524 2161 713 2232 etiam
755 2171 1099 2245 renuente,
1142 2161 1319 2228 nulla
1357 2171 1496 2229 erat
1528 2161 1741 2250 pactio
1771 2160 1897 2251 (3).

614 2266 995 2353 Liberorum
1057 2275 1290 2343 caritas
1308 2328 1325 2359 ,
1368 2275 1866 2364 propinquitatis
1919 2255 2174 2342 vincula
2234 2274 2394 2341 adeo
2460 2293 2642 2341 sacra

521 2388 1019 2457 Atheniensibus
1047 2397 1281 2471 erant,
1334 2397 1406 2455 ut
1461 2408 1572 2455 eos
1628 2388 1905 2476 puderet
1966 2386 2319 2454 domestico
2378 2386 2641 2455 vulnere

522 2504 740 2571 hostes
809 2503 1029 2585 etiam,
1068 2503 1255 2570 affici.
1326 2503 1395 2571 Id
1467 2523 1601 2571 non
1663 2522 1813 2569 raro
1877 2512 2083 2590 poetae
2150 2503 2636 2583 demonstrant;

484 2657 489 2662 -
523 2615 766 2704 quippe
828 2613 1034 2683 Graeci
1106 2614 1332 2682 matris
1406 2616 1772 2704 Polyxenae,
1844 2635 2041 2702 quam
2114 2634 2312 2703 super
2381 2613 2643 2681 Achillis

524 2730 862 2797 tumulum.
912 2713 1280 2812 immolant,
1337 2729 1642 2798 miseram
1706 2740 1946 2797 sortem
2005 2730 2253 2810 dolent,
2308 2748 2643 2816 quumque

526 2843 792 2912 Hecuba
830 2863 898 2910 se
936 2863 1058 2930 pro
1092 2842 1224 2911 filia
1247 2843 1649 2910 mactandam
1674 2843 1884 2925 offert,
1914 2842 2140 2931 Ulyxes
2169 2842 2306 2931 ipse
2337 2841 2645 2909 exclamat

526 2955 680 3023 satis
733 2976 1060 3045 supraque
1111 2976 1253 3024 esse
1304 2956 1588 3044 puellam
1639 2956 1998 3040 trucidari;
2053 2975 2181 3044 qua
2225 2965 2519 3036 mortua,
2563 2954 2644 3024 ad

525 3080 802 3138 matrem
839 3070 1229 3139 illacrimans
1267 3070 1511 3139 accedit
1551 3071 1950 3161 Talthybius,
1990 3070 2135 3159 qui,
2177 3090 2382 3158 quum
2418 3069 2646 3138 mulie-

527 3205 672 3252 rem
709 3184 928 3252 liberis
966 3185 1218 3266 orbam,
1251 3184 1434 3251 humi
1464 3183 1788 3272 jacentem
1825 3184 2113 3273 aspiciat,
2147 3185 2227 3252 ab
2256 3184 2409 3251 Jove
2434 3182 2647 3253 scisci-

528 3306 701 3365 tatur
738 3281 895 3365 num
934 3298 1056 3366 diis
1093 3298 1175 3365 sit
1208 3298 1421 3386 aliqua
1461 3320 1619 3366 cura
1667 3299 2059 3366 mortalium.
2110 3298 2336 3367 Postea
2373 3298 2453 3365 ad
2497 3318 2645 3365 eam

524 3432 893 3496 conversus,
941 3435 975 3479 ε(
1017 3432 1234 3500 surge,
1277 3432 1315 3479 o
1355 3413 1616 3497 misera,
1659 3414 1772 3497 ait,
1819 3414 1994 3502 erige
2031 3433 2266 3481 canum
2303 3425 2526 3501 caput,
2566 3422 2641 3479 ut

524 3527 724 3596 filiam
763 3527 1059 3616 sepelias,
1101 3528 1178 3594 ad
1222 3526 1408 3615 cujus
1445 3529 1860 3616 sepulchrum
1897 3529 2035 3617 ipse
2074 3528 2240 3611 flevi,
2276 3538 2339 3595 et
2373 3528 2523 3596 talia
2562 3528 2642 3595 de

524 3642 773 3730 virgine
811 3642 1022 3711 occisa
1057 3641 1462 3725 renuntians,
1490 3651 1555 3710 te
1581 3642 1736 3712 olim
1760 3643 1943 3731 prole
1977 3642 2438 3725 felicissimam,
2465 3662 2641 3710 nunc

586 3833 661 3897 (1)
693 3834 923 3897 Euripid.
953 3835 1151 3884 Hecub.
1180 3833 1406 3885 1116—30.

585 3920 660 3983 (2)
689 3920 916 3985 Euripid.
946 3921 1144 3971 Hecub.
1171 3921 1314 3971 1249.

556 4010 659 4092 ’,(3)
691 4012 983 4075 Caillemer‚
1015 4013 1249 4064 Success.
1283 4013 1312 4062 a
1339 4012 1595 4075 Athene-5,
1626 4026 1677 4075 p.
1709 4011 1817 4063 184.
