3064 4949
1288 430 1646 499 —53-

405 572 711 640 mulieres
764 572 855 638 nil
907 572 1059 640 boni
1114 573 1196 639 de
1246 593 1314 640 se
1366 581 1593 638 mutuo
1643 569 1935 637 dictitare
1988 569 2110 658 (1).
2158 592 2193 636 ›>
2247 571 2524 656 Eadem,

402 687 531 754 alio
569 688 741 770 loco,
770 686 1060 753 'miratur
1093 687 1267 774 quod
1295 694 1502 753 mater
1517 684 1748 773 jubeat
1773 684 1983 772 ipsam
2018 703 2139 772 per
2175 685 2530 754 exercitum

401 800 636 867 fratres
695 799 907 882 adire,
972 820 1169 887 quam
1225 801 1513 888 pudeat,
1577 798 1800 865 relicto
1859 797 2152 884 virginali
2205 799 2528 882 thalamo,

400 914 665 1001 prodire
695 915 763 980 in
807 914 1068 993 turham
1096 914 1218 1002 (Ξ).
1257 914 1539 1001 Huiusce
1577 912 1911 981 modestiae
1958 913 2246 981 rationes
2269 913 2347 980 tin
2395 935 2531 983 me-

402 1026 581 1109 dium
628 1029 816 1096 affert
861 1030 1114 1096 Danaus
1168 1027 1330 1094 filias
1383 1029 1739 1094 admonens
1787 1046 1868 1093 ne
1920 1035 2174 1114 patrem
2221 1029 2570 1109 dedecore,

401 1143 713 1227 afficiant,
755 1165 958 1232 quum
995 1143 1168 1210 illius
1207 1143 1339 1210 sint
1374 1142 1580 1211 aetatis
1620 1162 1768 1230 quae
1803 1141 2101 1209 homines
2140 1142 2396 1210 alliciat.

491 1259 625 1327 Nec
676 1259 801 1327 alia
866 1269 963 1328 est
1019 1259 1308 1326 virorum
1369 1258 1438 1325 in
1505 1258 1752 1347 puellas
1819 1256 2217 1340 reverentia,
2264 1278 2386 1326 nec
2456 1258 2538 1326 ad

401 1375 792 1462 captandum
851 1394 1141 1442 amorem
1198 1374 1459 1456 molles,
1521 1381 1596 1439 ut
1653 1372 1722 1438 in
1785 1371 2222 1439 recentiorum
2263 1373 2529 1456 ·fabuliS‚
2581 1447 2585 1450 Α

403 1489 752 1555 extendunt
791 1509 1158 1571 sermoneS,
1214 1487 1419 1576 quum
1454 1485 1765 1557 arbitrati
1816 1486 1944 1553 sint
1987 1485 2375 1555 muliebrem
2430 1508 2534 1554 ar-

395 1622 598 1690 guere
645 1603 935 1670 animum
990 1604 1102 1691 qui
1161 1624 1229 1670 se
1278 1602 1415 1670 istis
1468 1601 1790 1669 illecebris
1834 1601 2072 1668 victum
2125 1601 2529 1670 ostendisset.

400 1717 536 1784 Hac
573 1727 787 1787 mente
830 1718 1089 1801 Haemo,
1139 1729 1208 1785 ut
1245 1738 1443 1806 supra
1480 1718 1996 1784 demonstratum
2036 1726 2168 1799 es't,
2209 1704 2462 1804 patrem
2499 1739 2537 1785 a

396 1831 732 1919 proposito
777 1832 1157 1900 dehortatur
1206 1852 1338 1900 non
1386 1831 1487 1898 sui
1537 1830 1779 1898 amoris
1833 1831 1943 1898 sed
1992 1830 2276 1919 propriae
2326 1828 2533 1898 laudis

394 1945 658 2013 intuitu.
706 1948 1012 2030 Rursum,
1055 1947 1366 2030 Achilles,
1409 1948 1773 2025 arcessente
1813 1945 2014 2012 filiam
2051 1944 2532 2033 Clytaemnestra

398 2081 545 2148 quae
596 2061 837 2145 virum,
898 2071 1272 2150 patronum,
1328 2080 1549 2130 coram
1596 2071 1843 2142 exoret,
1911 2084 1944 2126 «
1997 2068 2255 2128 maneat
2312 2059 2524 2142 domi,

394 2175 608 2262 inquit
624 2198 641 2258 ;
686 2196 767 2243 ne
803 2164 935 2243 filia
963 2185 1073 2244 tua
1106 2177 1174 2243 in
1204 2195 1423 2243 meum
1448 2184 1867 2263 conspectum
1895 2175 2276 2256 adducatur,
2317 2194 2530 2260 neque

398 2290 467 2355 in
507 2289 967 2378 opprobrium,
1009 2312 1046 2356 o
1083 2291 1340 2372 mulier,
1385 2289 1733 2358 inconsulti
1775 2289 2168 2372 incidamus3
2214 2288 2529 2356 ekercitus

399 2402 575 2470 enim
647 2423 1034 2471 numerosus
1101 2414 1164 2472 et
1227 2403 1401 2471 curis
1461 2422 1706 2470 vacuus
1771 2402 2008 2471 fabulis
2087 2411 2151 2469 et
2229 2401 2530 2469 conviciis

401 2518 762 2585 delectatur
801 2516 925 2606 (3).
972 2539 1006 2582 »
2373 2577 2380 2584 .

490 2632 749 2714 Postea,
804 2632 884 2699 ad
938 2631 1146 2699 varias
1201 2652 1427 2700 causas
1477 2631 1712 2719 quibus
1760 2631 2010 2720 possint
2053 2630 2233 2698 beari
2290 2615 2534 2717 n'uptiae

396 2767 603 2835 quum
637 2756 847 2835 poetae
893 2756 1290 2835 spectarent,
1343 2766 1642 2833 quaenam
1699 2746 1827 2813 sint
1880 2746 1947 2814 in
2007 2744 2279 2833 conjuge
2316 2743 2534 2832 requi-

397 2862 620 2929 rendae
657 2861 925 2928 virtutes
962 2860 1508 2947 significaverunt.
1547 2860 1790 2929 Praeter
1824 2860 2052 2943 fidem,
2096 2859 2534 2948 integritatem

403 2985 467 3042 et
503 2963 747 3043 humile
785 2974 979 3042 etiam
1020 2975 1388 3062 ingenium,
1424 2995 1608 3057 nam,
1653 2979 1915 3042 auctore
1954 2973 2330 3063 Hippolyto,
2372 2993 2534 3038 uxor

406 3090 593 3158 docta
645 3088 846 3178 pestis
891 3090 1201 3172 habetur3
1259 3090 1567 3157 natalium
1621 3109 1693 3156 ac
1735 3091 2144 3158 fortunarum
2196 3086 2531 3176 aequalitas

463 3238 538 3301 (1)
561 3238 843 3301 Φιλόψογον
864 3238 917 3286 δὲ
939 3244 1105 3303 χρῆμα,
1126 3240 1327 3296 θηλειῶν
1350 3237 1461 3300 ἔφυ,

557 3329 768 3392 σμικρὰς
786 3328 832 3376 τ’
857 3327 1076 3392 ἀφορμὰς
1101 3329 1160 3385 ἢν
1183 3327 1373 3376 λάὸωσι
1396 3332 1492 3376 τῶν
1515 3326 1670 3389 λόγων
1689 3364 1701 3385 ,

555 3416 750 3471 πλείους
777 3415 1167 3479 ἐπεισφέρουσιψ
1198 3414 1347 3472 ἡδονὴ
1372 3414 1424 3463 δέ
1443 3431 1513 3470 τις

555 3503 740 3565 γυναιξὶ
772 3502 917 3565 μηδὲν
942 3502 1071 3564 ὑγιὲς
1091 3502 1299 3560 ἀλλήλας
1323 3502 1497 3564 λέγειν.
1558 3499 1787 3564 Euripid.
1813 3499 1996 3550 Phoen.
2017 3496 2127 3550 198.

463 3589 538 3653 (2)
566 3589 700 3639 Ibid.
733 3587 877 3638 1274.

463 3676 539 3739 (3)
559 3678 762 3728 Μενέτω
783 3677 890 3727 κατ’
915 3674 1077 3733 οἷκους
1083 3714 1254 3727 .....

478 3815 491 3820 ,
559 3766 623 3814 Σὺ
651 3767 771 3828 μήτε
797 3766 887 3823 σῆν
911 3749 1047 3814 παῖδ’
1074 3765 1201 3827 ἔξαγ’
1225 3764 1336 3827 ὄψιν
1364 3764 1413 3820 ἐς
1437 3764 1558 3826 ἐμὴν
1574 3801 1586 3822 ,

563 3854 669 3915 μήτ’
695 3855 762 3910 εἰς
790 3853 972 3910 ὄνειδος
997 3853 1176 3915 ἀμαθὲς
1197 3852 1407 3914 ἔλθωμεν
1423 3894 1434 3913 ,
1456 3853 1617 3914 γύναι·

558 3943 758 4007 στρατὸς
779 3943 872 4006 γὰρ
897 3942 1068 4007 ἀθρόος
1095 3941 1239 4006 ἀργὸς
1263 3941 1330 3989 ὢν
1357 3944 1453 3989 τῶν
1480 3938 1667 3988 οἴκοθεν

547 4031 734 4093 ’λέσχας
755 4031 970 4094 πονηρὰς
994 4030 1079 4078 καὶ
1100 4028 1435 4089 κακοστόμους
1459 4030 1603 4089 φιλεῖ.
1656 4024 1883 4088 Euripid.
1912 4025 2075 4088 Iphig.
2101 4024 2157 4073 in
2176 4023 2292 4073 Aul.
2313 4021 2425 4071 996.
