3064 4949
1270 524 1623 599 ..43-

475 671 609 736 lmo
663 670 913 738 facinus
957 681 1264 754 ostentat,
1307 672 1371 739 in
1405 693 1476 739 re
1506 670 1832 760 superbit,
1873 694 2055 761 quae,
2090 694 2122 738 <c
2151 671 2501 759 quomod0,

385 785 508 867 ait,
573 783 886 872 majorem
946 786 1216 872 gloriam
1276 786 1633 874 potuissem
1698 786 1990 854 obtinere
2059 804 2259 873 quam
2332 787 2505 873 quod

385 909 730 988 cognatum
770 901 1012 967 -curavi
1077 901 1521 989 sepeliendum
1576 901 1699 988 (1).
1758 922 1791 965 i>
1849 901 2145 981 Testatur
2211 899 2380 967 cives
2438 920 2507 966 se

383 1012 791 1080 laudabiliter
827 1013 1068 1100 egisse,
1113 1013 1350 1102 quibus
1392 1024 1571 1101 gesta
1611 1014 2067 1103 probarentur,
2102 1013 2224 1079 nisi
2256 1012 2507 1081 sincero

384 1127 665 1193 sermoni
708 1135 920 1195 metus
957 1127 1244 1195 officeret
1285 1149 1299 1193 ε
1344 1139 1600 1216 postea,
1645 1150 1683 1196 a
1720 1128 1993 1197 Creonte
2029 1128 2311 1195 rationes
2350 1128 2505 1196 alla-

386 1250 515 1323 taS,
573 1241 686 1328 qui
734 1261 877 1308 eam
924 1242 1092 1324 vult,
1148 1242 1529 1330 priusquam
1570 1243 1911 1324 moriatur,
1956 1242 2217 1310 sceleris
2254 1241 2505 1310 convic-

386 1366 553 1438 tam,
598 1376 867 1444 prorsus
904 1358 1027 1426 hoc
1064 1358 1384 1440 infirmat,
1429 1360 1602 1446 quod
1642 1360 1770 1426 duo
1810 1358 2020 1426 officia
2054 1358 2339 1446 legitima
2383 1357 2505 1424 sibi

382 1477 717 1555 nequeunt
765 1470 1128 1552 adversari,
1180 1490 1299 1538 nec
1342 1488 1633 1558 unquam
1680 1480 1777 1537 est
1828 1479 2017 1557 turpe
2072 1478 2184 1536 aut
2230 1468 2506 1557 impium

382 1579 783 1668 propinquos
827 1581 1040 1649 colere
1074 1601 1088 1646 :
1125 1580 1301 1648 addit
1339 1601 1408 1648 se
1446 1601 1578 1648 non
1613 1590 1830 1648 natam
1867 1580 1945 1647 ad
1985 1579 2230 1661 odium,
2275 1580 2386 1646 sed
2425 1580 2506 1646 ad

382 1702 682 1760 mutuum
724 1714 1036 1762 amorem.
1071 1695 1233 1762 Tum
1261 1695 1415 1778 iste,
1451 1715 1655 1782 quum
1681 1686 2082 1780 argumentis
2114 1694 2504 1777 confutetur,

381 1807 462 1874 ad
499 1807 666 1891 vim,
710 1809 808 1875 ira
845 1809 1182 1892 incensus,
1227 1830 1368 1877 sese
1406 1811 1697 1892 confert,
1740 1810 1885 1898 qui,
1920 1832 1954 1875 «
1981 1828 2169 1897 erg0,
2207 1808 2259 1875 si
2291 1828 2509 1875 amare

383 1929 570 1988 tuum
608 1933 745 2004 est,
782 1923 1029 2012 inquit,
1074 1926 1152 1991 ad
1192 1924 1434 1993 inferos
1471 1926 1795 2012 profecta,
1840 1925 1983 1992 illos
2019 1925 2359 2005 redames;
2403 1943 2510 1990 me

381 2047 601 2105 autem
639 2037 774 2105 vivo
798 2093 814 2122 ,
860 2039 1097 2106 mulier
1135 2060 1265 2107 non
1303 2039 1599 2128 regnabit
1638 2039 1760 2128 (2).
1794 2060 1829 2105 >³

474 2151 761 2235 Interea,
822 2154 1113 2237 Ismene,
1169 2174 1316 2241 quae
1369 2154 1576 2221 sorori
1627 2154 1801 2222 socia
1851 2155 1920 2222 in
1976 2153 2226 2242 agendo
2284 2152 2543 2234 adesse,

383 2285 514 2332 non
556 2286 714 2333 ausa
753 2276 883 2349 est,
936 2266 1182 2335 accedit
1218 2268 1531 2337 commori
1570 2278 1915 2356 exoptans,
1959 2287 2156 2355 quam
2193 2265 2509 2351 Antigone

386 2380 673 2466 respuit,
727 2402 875 2449 cum
902 2381 986 2481 xei
1036 2382 1159 2449 hoc
1210 2381 1515 2449 meritum
1574 2382 1846 2469 deneget
1911 2382 2084 2470 quod
2136 2379 2315 2447 factis
2377 2399 2508 2446 non

385 2494 742 2562 obtinuerit
803 2517 816 2561 :
871 2516 954 2563 ne
1018 2496 1214 2584 igitur
1274 2517 1420 2585 quae
1482 2518 1614 2564 non
1679 2496 1961 2583 attigerit
2020 2496 2141 2563 sibi
2200 2495 2503 2562 vindicet.

386 2608 578 2691 Dein,
637 2610 717 2676 ad
766 2611 1140 2698 speluncam
1189 2610 1523 2692 incedenS,
1584 2610 1651 2677 in
1702 2630 1898 2698 quam
1940 2610 2146 2677 vivam
2187 2608 2510 2677 condituri

385 2734 567 2805 sunt,
611 2724 802 2811 erigit
837 2725 1129 2791 animum
1176 2725 1409 2814 inclyta
1460 2725 1752 2792 facinora
1794 2724 2253 2805 memorando,
2296 2733 2396 2804 et,
2439 2733 2511 2788 ut

383 2836 689 2905 amissam
730 2839 923 2905 vitam
960 2839 1441 2928 gratissimique
1464 2839 1733 2931 luminis
1755 2848 2086 2927 aspectum
2111 2838 2504 2918 consoletur,

386 2971 569 3044 spem
601 2951 773 3018 fovet
806 2952 943 3020 fore
974 2963 1047 3019 ut
1087 2972 1156 3019 se
1196 2971 1342 3019 mox
1378 2961 1589 3040 pater,
1651 2963 1710 3020 et
1758 2963 1990 3033 mater,
2046 2962 2111 3019 et
2160 2972 2507 3038 germanus

383 3065 533 3131 laeto
573 3085 647 3131 ac
696 3064 980 3152 benigno
1031 3067 1211 3133 vultu
1260 3067 1432 3154 apud
1491 3067 1740 3135 Interos
1794 3066 2156 3154 excipiant3
2200 3086 2345 3154 quae
2395 3066 2507 3133 de-

382 3179 636 3247 functos
674 3201 784 3247 eos
818 3181 1118 3249 manibus
1155 3183 1383 3250 laverit
1416 3193 1479 3250 et
1515 3165 1840 3250 ornaverit
1878 3194 1972 3263 et,
2018 3183 2100 3249 ob
2140 3182 2506 3270 persolutos

385 3292 665 3362 honores
689 3348 704 3377 ,
756 3297 921 3363 hanc
964 3296 1133 3363 ferat
1163 3299 1557 3365 mercedem.
1609 3298 1806 3380 Tum,
1871 3306 2029 3366 actae
2092 3297 2188 3364 rei
2240 3296 2507 3364 modum

388 3410 734 3492 excedenS,
778 3420 849 3477 ut
883 3412 1245 3479 fraternum
1284 3433 1573 3496 amorem
1624 3412 2024 3501 magnificet,
2067 3413 2241 3479 hunc
2274 3410 2507 3479 ceteris

387 3524 619 3592 studiis
658 3525 1171 3594 excellentiorem
1208 3547 1348 3595 esse
1402 3526 1727 3609 affirmat3
1772 3548 1892 3595 nec
1942 3527 2153 3609 enim,
2206 3526 2257 3593 si
2309 3544 2507 3612 pepe·

388 3635 580 3704 risset
615 3637 892 3720 liberOS,
938 3658 1058 3705 nec
1095 3637 1148 3705 si
1187 3638 1420 3727 conjux
1456 3649 1754 3706 mortuus
1793 3638 2063 3726 jaceret,
2112 3639 2285 3706 hunc
2320 3639 2505 3706 labo—

446 3862 521 3924 (1)
540 3865 715 3914 Καίτοι
742 3865 887 3914 πόθεν
908 3866 1045 3922 κλέος
1065 3865 1111 3929 γ’
1141 3868 1198 3915 ἂν
1225 3867 1566 3931 εὐκλεέστερον

539 3952 778 4015 κατέσχον
806 3954 837 4011 ἢ
863 3954 944 4003 τὸν
972 3954 1267 4018 αὐτάδελφον
1293 3954 1343 4003 ἐν
1369 3955 1505 4018 τάφῳ

540 4042 750 4099 τιθεῖσα;
1343 4040 1475 4092 Ibid.
1496 4041 1607 4092 502.

449 4126 521 4187 (2)
546 4126 676 4176 Ibid.
697 4127 807 4176 524.
