3064 4949
1264 457 1354 468 -
1400 417 1489 487 15
1534 455 1622 468 -

380 569 598 629 autem
646 560 927 648 praedico
978 559 1272 629 omnium
1324 560 1674 628 mulierum
1724 559 2233 631 infelicissimam
2282 561 2405 651 (1).
2464 585 2499 629 1>

369 674 623 745 Eodem
686 695 946 767 quoque
1003 675 1243 747 doloris
1309 695 1501 759 sensu
1559 674 1932 745 afficiuntur
1990 675 2230 759 Graeci,
2295 697 2499 764 quum

377 789 820 877 Astyanactem
842 840 859 870 ‚
903 788 1380 856 Andromaches
1416 787 1662 871 filium,
1708 787 2079 873 immolant,
2142 790 2503 880 eodemque

380 903 594 973 studio
631 924 781 973 eum
819 902 1010 971 matri
1048 905 1314 971 tradunt
1352 903 1797 993 sepeliendum
1837 903 1963 993 (2).

468 1018 630 1086 Illud
685 1039 727 1086 a
768 998 977 1107 poetis
1030 1018 1396 1088 declaratur
1438 1019 1845 1108 praecipuum
1898 1039 2038 1086 esse
2100 1020 2503 1091 Athenarum

381 1133 577 1200 decus
615 1134 787 1221 quod
825 1143 1168 1226 parentum
1195 1133 1348 1222 jura
1397 1142 1768 1202 constanter
1815 1133 2242 1201 defenderint.
2287 1133 2508 1219 Quum

384 1246 556 1314 enim
604 1258 846 1316 matres
900 1249 1137 1319 ducum
1175 1249 1254 1317 ad
1300 1249 1548 1316 Thebas
1598 1249 1957 1318 occisorum
2007 1249 2324 1316 Theseum
2365 1250 2508 1319 adi-

379 1360 654 1445 vissent,
720 1371 1020 1450 rogantes
1084 1373 1156 1431 ut
1219 1363 1298 1430 ab
1348 1363 1784 1431 abnuentibus
1849 1362 2167 1431 Thebanis
2230 1384 2506 1452 corpora

381 1472 666 1545 filiorum
705 1475 1072 1565 sepelienda
1108 1477 1509 1565 requireret,
1555 1498 1667 1546 rex
1704 1477 1843 1561 ille,
1894 1477 2184 1566 quamvis
2220 1478 2509 1554 obsidio-

380 1609 534 1657 nem
581 1589 817 1678 injuste
870 1600 1235 1680 susceptam
1288 1590 1485 1658 fuisse
1530 1601 1943 1678 agnosceret,
1987 1602 2242 1676 tamen,
2287 1603 2360 1663 ut
2394 1615 2509 1682 pa-

384 1705 576 1775 triam
626 1705 866 1777 faceret
911 1705 1150 1795 pietate
1200 1705 1500 1794 inclytam
1523 1758 1540 1788 ,
1597 1706 1713 1773 has
1753 1727 1979 1795 preces
2031 1716 2203 1774 ratas
2239 1707 2505 1792 habuit,

380 1819 607 1908 reique
669 1819 906 1888 exitum
953 1820 1152 1889 armis
1207 1829 1542 1891 assecutus
1604 1830 1702 1888 est
1750 1819 1877 1910 (3).
1930 1820 2168 1893 Eadem
2216 1822 2467 1891 ratione
2489 1875 2506 1906 ‚

384 1934 686 2022 Pelasgus
708 1987 724 2016 ‚
791 1935 1110 2021 Argorum
1173 1924 1323 2018 rex,
1385 1932 1669 2023 optimus
1735 1933 1993 2002 familiae
2051 1944 2363 2022 patronus
2428 1935 2510 2003 ab

382 2048 680 2137 AEschylo
719 2048 1221 2131 demonstratur,
1265 2047 1504 2136 quippe
1541 2047 1652 2135 qui
1690 2047 1888 2116 Danai
1927 2068 2189 2117 causam
2225 2057 2505 2134 tueatur,

386 2161 707 2228 exorantis
738 2170 810 2228 ut
838 2161 984 2243 sibi,
1008 2160 1087 2227 ad
1111 2159 1364 2249 prolem
1391 2160 1690 2227 tuendam
1718 2159 2021 2227 adversus
2046 2158 2213 2226 filios
2229 2159 2504 2248 AEgypti,

385 2272 599 2340 socius
638 2283 702 2341 et
737 2273 1076 2341 auxiliator
1113 2273 1279 2341 adsit
1312 2296 1326 2340 ε
1361 2283 1763 2361 quapropter
1797 2272 2057 2356 chorus,
2093 2282 2166 2339 ut
2198 2272 2411 2361 Argivi
2441 2273 2510 2356 in

382 2397 773 2477 perpetuum
813 2388 1112 2457 secundis
1149 2388 1345 2455 rebus
1381 2396 1683 2470 utantur,
1719 2396 1864 2456 vota
1894 2388 1974 2454 ad
2004 2388 2159 2455 deos
2192 2387 2345 2455 facit
2382 2387 2503 2478 (4).

472 2503 568 2570 Dii
634 2504 810 2571 enim
870 2525 1014 2587 eoS,
1084 2503 1197 2593 qui
1242 2504 1399 2571 -haec
1459 2502 1812 2571 domestica
1858 2503 2068 2576 studia
2119 2503 2505 2587 observant,

384 2638 638 2686 summa
677 2617 1000 2705 excipiunt
1029 2616 1233 2708 gratia
1262 2640 1279 2699 ;
1331 2615 1491 2684 tanti
1535 2636 1686 2684 vero
1726 2615 1923 2684 officii
1960 2616 2511 2709 contemptoribus

384 2743 669 2801 extrema
729 2733 1048 2825 supplicia
1107 2741 1538 2801 reservantur.
1604 2731 1745 2800 Non
1809 2731 2017 2798 libens
2070 2730 2372 2819 quidem,
2438 2738 2514 2797 ut

383 2866 584 2935 supra
656 2845 970 2929 diximuS,
1049 2846 1161 2914 sed
1241 2845 1623 2916 necessitate
1707 2855 1769 2913 et
1847 2844 2128 2912 oraculis
2212 2853 2505 2928 coactuS‚

382 2963 778 3049 Agamemno
816 2962 1017 3029 filiam
1057 2960 1383 3044 mactavit,
1428 2982 1574 3049 quae
1612 2969 1828 3030 tamen
1877 2960 1935 3031 ei
1983 2962 2173 3049 culpa
2209 2960 2508 3028 attribui-

383 3086 520 3158 tur,
563 3085 770 3143 morte
807 3075 1067 3143 luenda.
1113 3075 1292 3143 Hanc
1330 3074 1502 3142 enim
1542 3074 1785 3142 cladem
1825 3073 2207 3164 priusquam
2245 3083 2504 3157 narret,

385 3190 717 3279 AEschylus
754 3190 1147 3257 horrendam
1187 3188 1535 3278 Iphigeniae
1573 3199 1850 3257 mortem
1877 3209 1995 3278 per
2024 3189 2275 3276 singula
2309 3188 2511 3277 expli-

387 3315 520 3387 cat,
573 3313 647 3371 ut
694 3304 841 3371 novi
893 3302 1188 3385 sceleriS,
1238 3304 1411 3391 quod
1458 3323 1607 3372 mox
1654 3302 1949 3370 admittet
1991 3302 2505 3392 Clytaemnestra„

387 3418 960 3507 principiumaeesse
1017 3418 1332 3486 videatur.
1399 3418 1543 3486 Non
1600 3418 1792 3485 modo
1855 3416 2030 3485 enim
2085 3417 2225 3484 haec
2275 3416 2511 3484 mulier

389 3532 670 3621 pessima
709 3553 778 3601 se
811 3532 1013 3621 jactat
1046 3532 1342 3602 ultricem
1381 3552 1523 3600 esse
1574 3532 1981 3620 interemptae
2020 3532 2201 3615 filiae,
2246 3551 2391 3619 quae
2429 3530 2509 3597 ad

390 3645 630 3715 atrocia
681 3646 818 3715 aliis
871 3647 1044 3718 haud
1090 3647 1440 3736 probandis
1487 3647 1918 3716 invitamentis
1964 3645 2339 3735 impellitur,
2395 3648 2507 3723 sed

391 3782 467 3830 ea
502 3771 600 3832 est
636 3761 830 3833 etiam
869 3762 1184 3832 sententia
1221 3764 1436 3847 chori,
1478 3762 1836 3840 Calchantis
1887 3761 2083 3829 verba
2127 3761 2465 3832 referentis
2486 3814 2503 3845 ‚

449 3953 525 4018 (1)
555 3954 784 4017 Euripid.
815 3954 1015 4004 Hecub.
1044 3952 1272 4015 488-582‚
1296 3954 1523 4016 passim.
1573 3980 1634 3992 -
1665 3953 1739 4017 (3)
1769 3954 2001 4019 Euripid.
2036 3954 2327 4019 Supplices,

452 4042 525 4104 (2)
553 4043 778 4105 Euripid.
809 4043 1051 4092 Troades.
1574 4067 1636 4079 ·—
1666 4042 1739 4104 (4)
1771 4042 1995 4126 AEschyl.
2022 4043 2318 4107 Supplices.
