3064 4949
1235 446 1590 516 ...73-

353 589 524 656 enim
567 591 813 657 Baccho
851 610 1033 656 sacra
1067 588 1302 656 Thebis
1342 588 1621 669 institui,
1667 588 1986 655 Pentheus
2023 586 2288 653 omnino
2324 606 2476 674 pro-

353 704 533 769 hibet
569 724 650 770 ne
686 724 762 771 ea
797 713 1190 790 peragantur
1227 724 1372 790 quae
1408 701 1912 787 flagitiosissima
1949 700 2292 779 existimet,
2335 721 2475 765 mu-

355 818 541 884 lieres
582 817 823 884 scilicet
872 816 1086 903 vagari
1134 837 1254 904 per
1290 815 1699 896 solitudineS,
1749 823 2084 882 causantes
2135 813 2471 901 mysteria,

355 950 576 997 revera
614 941 688 997 ut
735 930 889 996 viris
935 928 1209 1016 turpiter
1246 949 1386 996 sese
1422 928 1830 1016 permittant,
1889 927 2224 1015 plurisque
2268 927 2478 992 facere

358 1044 665 1110 Venerem
706 1064 901 1131 quam
941 1043 1259 1110 Bacchum
1303 1042 1426 1130 (1).
1472 1041 1662 1108 Hunc
1699 1041 1844 1109 ideo
1890 1040 2184 1108 occidere
2222 1039 2472 1120 statuit,

354 1157 795 1223 efleminatum
834 1156 1192 1244 hospitem,
1249 1156 1363 1243 qui
1398 1156 1703 1223 morbum
1742 1154 2023 1222 attulerit
2059 1173 2296 1221 novum
2334 1173 2477 1219 mu-

354 1269 658 1350 lieribus,
716 1269 1168 1357 connubiaque
1219 1269 1608 1357 corruperit.
1669 1269 1811 1357 Ipse
1863 1269 2099 1335 chorus
2122 1321 2136 1347 ,
2189 1266 2479 1354 quamvis

352 1385 421 1450 in
455 1383 773 1452 diversam
812 1383 1197 1450 sententiam
1236 1383 1415 1450 abire
1450 1382 1765 1464 videatur,
1808 1383 1906 1449 rei
1947 1381 2328 1470 pravitatem
2368 1381 2478 1447 de-

352 1495 607 1563 nuntiat
642 1495 985 1582 impudicis
1034 1494 1233 1576 votiS,
1285 1496 1432 1582 qui,
1482 1518 1516 1560 ((
1558 1495 1805 1561 utinam
1844 1495 2170 1575 advolem,
2227 1492 2472 1580 inquit,

245 1607 259 1624 '
353 1607 422 1673 in
457 1607 758 1696 Cyprum,
793 1608 1073 1675 insulam
1105 1608 1392 1689 VeneriS,
1428 1608 1541 1674 ubi
1566 1609 1919 1675 mulcentes
1948 1607 2318 1674 mortalium
2349 1605 2482 1672 ani-

352 1742 494 1788 mos
520 1722 812 1789 habitant
838 1742 1126 1804 amores,
1160 1722 1272 1787 ubi
1300 1721 1567 1789 Bacchis
1597 1722 1691 1787 fas
1720 1731 1816 1788 est
1837 1722 2019 1808 orgia
2044 1722 2393 1789 celebrare.
2441 1742 2476 1786 ›>

353 1835 826 1902 Infirmioribus
882 1835 1074 1902 etiam
1135 1835 1536 1921 argumentis
1589 1836 1749 1901 deus
1809 1855 2070 1901 causam
2122 1834 2289 1921 agit,
2347 1835 2479 1901 imo

355 1949 594 2017 Graecis
632 1950 981 2016 admodum
1039 1949 1543 2015 contumeliosus
1598 1958 1725 2030 est,
1778 1970 2012 2036 quum,
2064 1958 2137 2032 ut
2173 1969 2284 2015 eos
2320 1948 2480 2015 invi-

354 2073 482 2143 tet,
538 2061 849 2129 barbaros
907 2082 1132 2129 omnes
1185 2062 1355 2129 dicat
1405 2062 1724 2150 ejusmodi
1774 2063 1973 2130 sacris
2012 2062 2289 2129 initiatos
2314 2114 2329 2142 ,
2374 2061 2478 2128 cui

356 2178 705 2265 respondet
755 2176 1074 2243 Pentheus
1129 2176 1439 2243 barbaros
1487 2176 1726 2244 Graecis
1776 2178 1980 2243 multo
2017 2176 2269 2265 pejores
2310 2196 2472 2243 esse.

353 2292 673 2371 Tandem,
741 2299 813 2356 ut
877 2289 1059 2356 factis
1121 2290 1647 2357 demonstrentur
1705 2290 2092 2356 exsecranda
2153 2299 2216 2357 et
2282 2289 2481 2377 impia

355 2405 569 2492 orgia,
612 2404 876 2471 Penthei
915 2413 1144 2485 mater,
1187 2403 1407 2469 furore
1445 2403 1741 2469 divinitus
1796 2403 2085 2470 immisso
2130 2403 2475 2490 exagitata,

355 2529 698 2609 spumante
761 2539 875 2585 ore
933 2539 1008 2585 ac
1068 2518 1260 2584 torvis
1335 2518 1572 2599 oculis,
1648 2517 1763 2583 filii
1828 2538 2063 2605 corpus
2132 2517 2475 2599 dilacerat,

355 2636 543 2720 cujus
579 2642 808 2720 caput,
874 2642 1182 2719 tanquam
1231 2632 1387 2698 ferae
1439 2632 1752 2698 cervicem
1776 2685 1790 2712 ,
1848 2631 1914 2697 in
1963 2652 2220 2698 scenam
2268 2631 2474 2698 affert.

355 2747 566 2826 Quare
604 2747 780 2814 hisce
835 2745 1364 2813 bacchationibus
1403 2756 1579 2834 patet
1627 2746 1839 2813 officia
1877 2746 2229 2813 domestica
2264 2745 2482 2812 omnia

355 2860 660 2947 infringi,
704 2870 777 2927 ut
809 2862 1016 2945 Agave
1072 2859 1212 2947 ipsa
1260 2860 1634 2942 concludat,
1693 2860 1758 2927 id
1800 2861 1971 2947 quod
2009 2860 2194 2926 nobis
2229 2859 2482 2926 videtur

354 2975 554 3042 fuisse
600 2983 806 3063 poetae
856 2973 1298 3062 propositum,
1353 2974 1700 3063 Dionysum
1753 2975 1993 3042 scilicet
2040 2974 2213 3061 ipsos
2262 2972 2479 3061 perdi-

355 3087 550 3154 disse.
607 3088 701 3154 Ita
752 3087 1124 3175 EuripideS,
1179 3088 1542 3156 innumeris
1595 3090 1728 3155 fere
1788 3088 1975 3170 lociS,
2035 3087 2190 3155 deos
2235 3088 2479 3175 vitupe-

354 3210 488 3283 rat;
558 3201 800 3290 quippe
865 3202 1181 3285 TheseuS,
1270 3226 1303 3269 ε(
1370 3203 1598 3271 Nonne
1656 3191 2068 3270 matrimonia
2132 3201 2300 3269 inter
2371 3222 2475 3284 se,

357 3315 602 3403 inquit,
659 3336 941 3403 quorum
997 3318 1090 3384 fas
1148 3295 1398 3384 nullum
1448 3328 1548 3384 est
1572 3357 1614 3398 ,·
1652 3317 2161 3385 contraxerunt?
2205 3316 2431 3384 Nonne
2459 3368 2475 3397 ,

361 3428 722 3517 imperandi
785 3429 1086 3517 cupidine
1107 3481 1124 3512 ‚
1185 3441 1401 3518 patres
1460 3429 1731 3497 vinculis
1752 3482 1767 3511 ,
1843 3430 2195 3517 ignominia
2251 3430 2481 3497 affece-

358 3543 563 3610 runt?
608 3542 735 3629 (2).
775 3564 815 3607 -)>
869 3543 961 3611 Ne
1014 3543 1209 3629 igitur
1255 3543 1550 3610 homines
1606 3544 1850 3610 nefaria
1908 3564 2133 3611 eorum
2194 3546 2483 3632 exempla

361 3664 715 3743 sequantur
758 3677 772 3720 :
817 3676 893 3722 ea
931 3676 1084 3722 sane
1119 3676 1301 3722 mens
1340 3677 1414 3723 ac
1436 3657 1778 3723 consilium
1806 3668 2047 3745 poetae,
2091 3657 2232 3745 qui,
2277 3679 2482 3745 quum

364 3790 504 3852 eOS,
559 3768 641 3836 ob
689 3769 833 3837 vitae
886 3772 1351 3857 corruptelam,
1402 3791 1593 3859 posse
1643 3772 1873 3838 domus
1921 3781 2225 3859 patronos
2265 3771 2484 3839 induci

425 3935 498 3995 (1)
516 3934 744 3998 Euripid.
772 3935 1005 3984 Bacchae.
1024 3934 1133 3985 400.

427 4021 499 4083 (2)
530 4022 761 4085 Euripid.
797 4023 1005 4072 Hercul.
1036 4024 1136 4072 fur.
1167 4022 1306 4073 1316.
