3064 4949
1433 479 1789 548 „26-

549 639 697 690 cum
735 622 856 688 hac
896 630 1081 708 peste
1130 620 1454 702 habitare3
1504 620 1767 688 iteranti
1805 619 2094 708 jussum,
2149 618 2385 686 additis
2439 618 2666 700 etiam,

544 732 617 801 ni
653 734 1086 823 obtemperet,
1129 733 1708 816 exsecrationibuS,
1738 733 2087 821 respondet
2120 753 2134 797 ε
2171 730 2420 799 Faciam
2445 731 2666 819 igitur,

549 847 704 915 deos
753 856 1019 914 testatus
1078 857 1263 914 tuum
1310 847 1434 914 hoc
1491 867 1655 935 opus
1703 866 1879 930 esse3
1944 866 2155 934 neque
2213 846 2423 913 malus
2468 845 2671 913 videri

549 980 852 1047 possum,
898 981 1101 1048 quum
1130 961 1247 1029 tibi
1284 981 1588 1049 paream,
1630 968 1815 1049 pater
1855 959 1975 1046 (1).

639 1074 709 1140 Id
749 1083 846 1142 est
879 1075 1074 1142 etiam
1112 1083 1323 1164 poetae
1359 1075 1428 1141 in
1466 1074 1948 1142 contentionem
1982 1073 2423 1154 adduxerunt,
2450 1082 2671 1141 utrum

547 1187 736 1256 liberi
779 1188 1057 1256 debeant
1108 1189 1248 1278 pari
1301 1210 1525 1257 amore
1573 1199 1825 1277 patrem
1875 1209 1951 1256 ac
1999 1197 2273 1255 matrem
2325 1186 2667 1275 prosequi3

548 1318 751 1367 necne
770 1351 786 1381 ,
828 1320 974 1387 quae
1007 1301 1088 1368 ab
1119 1300 1382 1389 optimis
1415 1320 1674 1366 morum
1698 1299 2021 1386 magistris
2046 1299 2218 1366 haud
2256 1307 2428 1366 recte
2457 1297 2674 1364 forsan

548 1413 843 1482 concludi
888 1414 1237 1502 disputatio
1285 1413 1631 1482 videbitur.
1692 1413 1982 1495 Etenim,
2049 1413 2219 1501 apud
2266 1411 2670 1499 AEschylum,

548 1525 617 1593 in
645 1527 895 1616 judicio
933 1527 1175 1596 Orestis
1213 1528 1323 1616 qui
1385 1536 1663 1595 matrem
1709 1526 1946 1595 occidit
1993 1537 2067 1594 ut
2112 1536 2363 1614 patrem
2404 1525 2672 1595 ulcisce-

548 1649 753 1720 retur,
791 1640 913 1708 iste
950 1661 1213 1709 causam
1253 1641 1384 1727 agit
1421 1661 1622 1728 seque
1648 1661 1791 1708 esse
1816 1642 2022 1729 culpae
2049 1640 2417 1728 proximum
2451 1648 2668 1726 negat,

548 1755 723 1842 quod
759 1753 829 1822 in
866 1764 1119 1843 patrem
1153 1755 1358 1843 magis
1399 1754 1482 1822 sit
1518 1754 1837 1841 obligatus
1867 1736 2062 1843 quam
2085 1755 2152 1822 in
2179 1764 2454 1822 matrem
2486 1752 2674 1841 cujus

548 1888 680 1939 non
720 1868 802 1936 sit
837 1869 1377 1957 consanguineus.
1419 1870 1600 1937 Hanc
1635 1869 2017 1937 sententiam
2040 1870 2296 1957 Apollo,
2331 1878 2667 1956 patronus,

550 1982 814 2065 evolvit;
857 2004 932 2050 ex
968 2004 1176 2072 eoque
1224 1983 1402 2052 ducit
1448 1993 1903 2070 argumentum
1956 1984 2129 2071 quod
2166 1992 2374 2050 mater
2409 2003 2540 2050 non
2575 1992 2678 2049 est

549 2116 770 2164 revera
805 2097 1081 2184 genitrix
1124 2121 1138 2165 ε
1183 2097 1457 2186 quippe,
1507 2121 1543 2164 <t
1580 2107 1834 2186 patrem
1876 2097 2014 2164 sine
2062 2105 2268 2164 matre
2305 2116 2446 2164 esse
2480 2116 2673 2183 posse

549 2218 822 2278 testatur
881 2211 1053 2278 Jovis
1098 2210 1264 2293 filia,
1316 2211 1631 2293 Minerva,
1689 2231 1837 2298 quae
1892 2230 2025 2287 non
2068 2210 2137 2277 in
2184 2211 2321 2277 alvo
2378 2209 2665 2291 condita,

545 2344 677 2391 non
713 2345 750 2391 a
789 2326 909 2392 dea
946 2333 1283 2413 procreata
1323 2334 1421 2392 est
1465 2324 1587 2412 (2).
1635 2346 1670 2391 ι)
1723 2325 1904 2395 Hanc
1954 2345 2214 2412 quoque
2260 2324 2670 2412 disceptatio-

549 2458 700 2508 nem
734 2437 960 2508 iisdem
995 2439 1315 2507 firmatam
1355 2438 1711 2507 rationibus
1736 2440 1908 2529 apud
1933 2438 2309 2528 Euripidem
2347 2438 2663 2527 reperies,

550 2573 754 2640 quum
787 2553 1076 2636 Orestes,
1118 2554 1407 2643 Tyndaro
1437 2554 1696 2643 judice,
1737 2554 1819 2621 de
1853 2575 1923 2621 re
1952 2575 2068 2621 sua
2104 2553 2256 2621 dicit
2294 2552 2431 2642 (3);
2474 2574 2670 2641 quem

549 2668 884 2735 audientes
923 2668 1075 2735 satis
1114 2678 1364 2736 constat
1399 2668 1666 2754 indigne
1702 2667 1958 2750 tulisse,
2002 2678 2066 2735 et
2092 2667 2325 2736 merito
2363 2668 2663 2755 quidem,

548 2802 749 2870 quum
775 2834 791 2864 ,
833 2782 944 2849 tali
965 2783 1267 2850 'doctrina
1315 2782 1675 2871 proposita,
1727 2804 1765 2850 a
1808 2802 1961 2850 vero
1997 2783 2398 2869 honestoque
2448 2783 2668 2849 admo-

549 2894 703 2962 dum
753 2894 1168 2963 declinavisse
1227 2905 1452 2984 poetas
1497 2895 1915 2963 arbitremur.
1968 2895 2099 2963 Nec
2147 2904 2363 2963 tamen
2420 2896 2666 2963 nodum

549 3006 943 3077 difficultatis
980 3008 1299 3096 expeditat
1338 3008 1672 3097 AEschylus
1693 3060 1709 3089 ,
1740 3028 1862 3076 nec
1897 3007 2218 3089 Orestem,
2247 3007 2516 3096 paribus
2543 3029 2667 3075 nu·-

552 3140 734 3189 mero
753 3120 1049 3209 judicum
1077 3122 1398 3210 suffragiis
1419 3175 1434 3203 ,
1478 3122 1745 3214 omnino
1773 3121 2139 3190 ahsolutum
2170 3121 2466 3204 dimittit;
2509 3123 2671 3211 quin

550 3234 782 3315 etiam,
851 3235 1192 3324 Euripides
1249 3236 1746 3324 Clytaemnestrae
1810 3237 2053 3304 caedem
2113 3235 2336 3306 liberis
2409 3236 2673 3305 crimini

548 3347 761 3415 vertit.
804 3348 1156 3431 Caeterum,
1200 3348 1561 3416 innumeris
1599 3349 1732 3417 fere
1769 3349 1963 3431 lociS,
2015 3359 2078 3417 et
2109 3350 2373 3418 laudant
2420 3359 2483 3418 et
2518 3350 2671 3418 imi·

552 3462 746 3529 tanda
796 3461 1092 3530 exhibent
1148 3463 1431 3532 studium
1481 3463 1550 3530 in
1604 3473 1904 3552 parentes
1954 3484 2029 3532 ac
2077 3464 2541 3547 reverentiam,
2605 3476 2674 3533 et

550 3575 879 3664 Polyxenae
940 3577 1009 3643 in
1064 3577 1425 3659 Hecubam,
1504 3586 1571 3646 et
1635 3577 1864 3645 Thesei
1923 3578 1991 3644 in
2047 3577 2369 3660 AEthram,
2430 3579 2671 3667 quibus

608 3730 681 3792 (1)
705 3733 887 3797 Τοιγὰρ
907 3734 1129 3793 ποιήσω,
1155 3735 1277 3783 noim
1301 3735 1594 3797 ἀπώσομαι,
1617 3737 1673 3784 τὸ
1696 3737 1782 3784 σὸν

706 3819 861 3867 θεοῖσι
882 3820 1069 3875 δεικνὺς
1090 3821 1247 3883 ἔργον.
1270 3822 1344 3870 Οὐ
1370 3822 1464 3886 γὰρ
1491 3822 1550 3871 ἄν
1573 3837 1693 3871 ποτε

700 3908 852 3961 κακὸς
877 3907 1075 3968 φανείην
1098 3909 1179 3957 σοί
1204 3925 1260 3970 γε
1286 3910 1556 3965 πιστεύσας
1571 3946 1583 3968 ,
1612 3910 1786 3974 πάτερ.
1821 3908 2042 3972 Sophoc.
2065 3908 2304 3959 Trachin.
2332 3908 2471 3959 1249.

608 3990 682 4054 (2)
713 3992 940 4056 AEschyl.
967 3994 1235 4045 Eumenid.
1258 3994 1370 4045 658.

608 4079 683 4142 (3)
713 4080 939 4144 Euripid.
970 4081 1141 4131 Orest.
