3064 4949
1506 468 1859 536 ..28-

712 604 842 672 Nec
879 606 1129 674 diversa
1167 607 1417 676 ratione
1451 607 1884 696 Iphigeniam,
1919 607 2208 697 quamvis
2239 629 2381 676 eam
2414 609 2743 696 AEschylus

625 716 943 786 effinxerit
1023 721 1487 807 Agamemnoni
1560 722 1730 789 mala
1803 722 2267 811 imprecantem
2296 775 2313 805 ,
2400 721 2743 810 Euripides

625 833 937 920 expressit
997 853 1127 902 non
1171 845 1422 924 patrem
1473 837 1705 918 modo,
1760 836 1859 903 sui
1913 836 2429 917 interfectorem,
2488 845 2744 904 summo

625 948 1113 1035 amplectentem
1152 971 1406 1033 amore,
1449 951 1560 1018 sed
1598 961 1871 1019 matrem
1910 950 2105 1018 etiam
2143 959 2482 1018 conantem
2519 971 2557 1016 a
2590 970 2745 1039 pro-

624 1061 831 1149 posita
895 1063 1140 1132 ultione
1201 1065 1564 1147 deterrere,
1636 1086 1839 1154 quum
1911 1064 2332 1153 interroganti
2405 1064 2558 1152 quid
2618 1063 2747 1153 ipsi

624 1185 876 1263 gratum
904 1177 1088 1265 Argis
1117 1187 1416 1267 praestet,
1446 1180 1835 1268 respondeat
1863 1201 1876 1245 :
1911 1201 1946 1246 t<
1974 1179 2226 1247 Patrem
2258 1198 2478 1246 meum
2503 1178 2746 1245 virum-

624 1310 752 1377 que
780 1299 963 1357 tuum
994 1312 1076 1359 ne
1109 1292 1324 1359 oderis
1351 1292 1472 1380 (1).
1508 1314 1545 1357 »
1588 1292 1892 1381 Ejusdem
1921 1291 2343 1360 observantiae
2377 1292 2746 1379 exemplum

623 1402 808 1470 affert
845 1403 1222 1491 SophocleS,
1267 1405 1378 1492 qui
1429 1425 1560 1472 non
1615 1404 1959 1472 committit
1993 1415 2064 1471 ut
2101 1405 2325 1480 Haemo
2367 1413 2741 1493 parentem,

625 1516 917 1604 quamvis
955 1516 1022 1584 in
1059 1538 1245 1600 eum,
1280 1519 1392 1606 qui
1430 1519 1791 1606 Antigonen
1830 1538 2133 1607 sponsam
2168 1519 2248 1585 ad
2286 1528 2562 1586 mortem
2598 1538 2750 1585 cru·

624 1629 1014 1698 delissimam
1061 1632 1500 1715 damnaverit,
1564 1633 1662 1699 ira
1719 1633 1891 1699 haud
1953 1631 2276 1699 immerita
2334 1631 2747 1711 accendatur,

625 1743 928 1811 conviciis
966 1746 1255 1814 lacessat.
1307 1769 1340 1811 <t
1375 1747 1645 1832 Nempe,
1684 1754 1893 1834 pater,
1940 1744 2180 1832 inquit,
2225 1754 2375 1812 tuus
2414 1765 2591 1827 sum;
2633 1764 2755 1812 nec

626 1857 830 1925 ullum
876 1859 1047 1946 apud
1091 1880 1195 1927 me
1248 1859 1393 1949 plus
1450 1858 1686 1926 valebit
1728 1858 2125 1927 connubium
2171 1879 2368 1946 quam
2429 1858 2482 1926 si
2528 1867 2599 1925 tu
2645 1876 2752 1925 me

626 1980 800 2038 recte
827 1971 1149 2056 gubernes
1181 1971 1300 2060 (2).
1336 1994 1369 2038 »
1409 1974 1504 2040 Ita
1545 1993 1799 2039 summa
1835 1972 2148 2040 modestia
2185 1992 2552 2039 sermonem
2586 1981 2752 2039 tem-

624 2094 928 2173 perante,
981 2087 1282 2174 quaedam
1331 2087 1580 2175 praebet
1636 2086 1931 2169 consilia,
1992 2107 2114 2154 nec
2159 2095 2467 2173 tanquam
2513 2106 2591 2154 ex
2636 2105 2755 2153 sua
2801 2143 2811 2150 .

628 2210 844 2268 mente
915 2201 1026 2267 sed
1101 2222 1176 2267 ex
1251 2200 1704 2268 Thebanorum
1774 2198 2275 2280 existimatione,
2335 2208 2439 2280 ut,
2508 2198 2574 2263 in
2633 2198 2756 2264 hac

628 2334 852 2395 causa,
926 2334 1057 2382 non
1125 2314 1393 2403 proprio
1453 2314 1661 2382 amori
1737 2315 1849 2381 sed
1916 2314 2124 2402 patrio
2198 2311 2415 2380 decori
2492 2312 2753 2379 studere

628 2426 957 2511 videatur;
1000 2437 1353 2518 posteaque
1385 2449 1423 2495 a
1469 2427 1714 2497 Creone
1761 2426 2130 2517 opprobriis
2182 2436 2546 2508 oneratuS,
2578 2445 2754 2493 mor·
2853 2456 2860 2461 ·

633 2551 889 2630 temque
927 2542 1046 2610 sibi
1084 2539 1813 2631 consciscere'paratus,
1864 2542 1952 2609 nil
1988 2542 2166 2610 addit
2207 2542 2307 2608 his
2350 2541 2562 2608 verbis
2602 2560 2754 2608 con-

633 2656 1035 2723 tumeliosius
1080 2678 1094 2722 :
1145 2680 1179 2722 <t
1228 2656 1363 2723 Nisi
1410 2667 1595 2745 pater
1643 2677 1848 2739 esseS,
1900 2666 1964 2724 te
2008 2677 2142 2723 non
2205 2655 2561 2743 sapientem
2614 2674 2755 2721 esse

635 2769 919 2837 dicerem
949 2769 1069 2858 (3).
1102 2791 1139 2833 ψ)

719 2883 905 2949 Aliud
953 2903 1210 2971 quoque
1257 2883 1352 2949 rei
1401 2891 1859 2970 argumentum
1905 2899 2164 2968 promes
2196 2899 2272 2946 ex
2309 2879 2546 2946 misera
2582 2887 2755 2946 sorte

633 2996 906 3065 Eteoclis
967 3008 1031 3064 et
1094 2995 1443 3084 PolyniciS,
1511 2996 1624 3084 qui
1681 3016 1718 3062 a
1781 3004 2001 3084 patre,
2068 3015 2262 3083 quem
2320 3013 2396 3059 ex
2449 2991 2757 3082 Apollinis

634 3110 936 3191 oraculiS‚
964 3119 1036 3177 ut
1061 3109 1443 3196 pestilentiae
1467 3109 1616 3176 finis
1646 3110 2115 3198 imponeretur,
2147 3107 2381 3175 Thebis
2407 3099 2754 3194 ejecerant,

633 3225 791 3292 diris
830 3223 1071 3305 devoti,
1115 3224 1285 3291 mala
1319 3225 1539 3291 omnia
1573 3226 2026 3292 exhauserunt.
2086 3224 2349 3290 Frustra
2387 3220 2755 3309 Polynices,

639 3339 1018 3430 poenitentia
1069 3338 1299 3404 ductus
1322 3390 1339 3419 ‚
1393 3336 1705 3406 Colonum
1749 3338 1923 3406 venit
1944 3391 1960 3421 ‚
2026 3346 2404 3426 precaturus
2463 3334 2756 3415 veniam;

637 3455 877 3522 frustra
918 3452 1250 3520 confessus
1306 3462 1402 3520 est
1447 3473 1515 3521 se
1559 3453 2063 3542 perditissimum
2116 3453 2336 3540 culpas
2385 3470 2529 3518 sero
2568 3448 2762 3516 nimis

698 3620 772 3680 (1)
793 3621 991 3685 Πατέρα
1014 3623 1096 3670 τὸν
1123 3621 1247 3683 ἀμόν
1273 3623 1349 3683 μὴ’
1363 3622 1528 3684 στύγει
1550 3623 1696 3671 πόσιν
1718 3639 1770 3671 τε
1793 3622 1896 3671 σόν.

1623 3707 1799 3771 Eurip.
1825 3706 1990 3770 lphig.
2019 3706 2074 3754 in
2097 3705 2210 3755 Aul.
2238 3703 2381 3754 1455.

699 3782 771 3845 (2)
796 3786 959 3851 Πάτερ
986 3788 1071 3843 σός
1090 3789 1250 3850 εἰμι..

790 3872 942 3936 Ἐμοὶ
960 3877 1053 3941 γὰρ
1074 3877 1230 3932 οὐδεὶς
1255 3876 1398 3933 ἀξίως
1419 3875 1560 3924 ἔσται
1580 3874 1733 3938 γάμος

794 3960 966 4020 μείζων
989 3961 1245 4026 φέρεσθαι,
1272 3967 1364 4011 σοῦ
1386 3965 1549 4017 καλῶς
1570 3961 1857 4022 ἡγουμένου.
1894 3958 2117 4023 Sophoc.
2143 3958 2316 4022 Antig.
2340 3956 2453 4006 635.

699 4046 772 4108 (3)
802 4049 859 4095 Et
881 4048 947 4108 μὴ
971 4049 1133 4113 πατὴρ
1155 4049 1284 4109 ἧσθ’,
1311 4049 1450 4102 εἶπον
1477 4050 1536 4097 ἄν
1561 4049 1605 4097 σ’
1637 4051 1727 4098 οὐκ
1751 4048 1804 4097 εὖ
1824 4051 2030 4112 φρονεῖν.
2070 4046 2198 4095 Ibid.
2229 4043 2335 4095 755.
