3064 4949
1473 496 1783 564 ..8.-

567 646 843 704 mortem
893 635 1164 703 Molosso
1215 636 1348 703 filio
1403 636 1822 720 minantium,
1853 637 1998 705 -nisi
2050 659 2118 705 se
2171 637 2379 726 ipsam
2440 638 2689 706 interfi-

526 810 535 821 .
568 750 870 819 ciendam
899 751 1140 834 tradat,
1195 751 1410 819 statim
1449 772 1525 819 ex
1562 751 1720 820 asilo
1760 752 1964 835 cedit;
2018 773 2141 841 pro
2178 751 2311 820 filio
2350 752 2523 820 enim
2558 772 2691 820 non

567 865 735 933 mori
784 865 1102 954 probrum
1149 865 1502 933 arbitretur
1544 866 1641 954 (1)
1673 889 1690 950 3
1740 866 1957 955 itaque
2004 888 2185 947 aram
2234 860 2571 955 relinquit,
2621 887 2691 933 se

447 994 459 1085 '-
565 979 814 1069 praebet
883 980 1176 1047 hostibus
1234 980 1691 1069 jugulandam,
1763 982 2135 1050 caedendam
2160 1035 2177 1066 ,
2248 981 2683 1064 vinciendum,

567 1096 730 1164 collo
787 1095 1306 1184 suspendendam
1361 1118 1375 1162 :
1431 1098 1879 1165 tantummodo
1926 1095 2098 1167 filius
2120 1150 2137 1180 ‚
2190 1097 2385 1165 vitata
2438 1106 2646 1165 morte
2666 1149 2684 1181 ,

565 1209 790 1278 matris
827 1209 1215 1277 meminerit.

653 1325 734 1393 Ut
782 1326 1340 1393 demonstraretur
1397 1346 1594 1413 quam
1638 1327 2044 1394 venerandus
2096 1325 2174 1393 sit
2229 1325 2283 1391 is
2332 1324 2689 1392 liberorum

564 1461 749 1508 amor
785 1435 1378 1529 ac'prosequendus
1426 1441 1605 1508 cultu
1651 1441 2127 1530 propemodum
2168 1439 2420 1522 divino,
2475 1448 2686 1528 poetae

566 1554 720 1623 utile
756 1555 1080 1622 duxerunt
1116 1555 1238 1622 hoc
1284 1554 1571 1622 studium
1611 1555 1849 1644 apponi
1887 1555 2157 1622 summis
2195 1554 2397 1622 animi
2446 1553 2690 1621 affecti-

564 1669 725 1753 buS,
782 1679 846 1736 et
883 1669 1064 1742 ‚inter
1112 1669 1584 1737 diversissimos
1635 1670 1904 1738 humani
1958 1670 2202 1755 ingenii
2254 1679 2467 1737 motus
2505 1667 2690 1757 quasi

563 1784 863 1873 praelium
901 1782 1188 1865 institui,
1234 1783 1300 1850 in
1339 1794 1469 1871 quo
1491 1837 1508 1866 ,
1554 1783 1678 1850 nisi
1718 1783 2139 1852 sanctissimae
2174 1784 2350 1870 leges
2380 1783 2692 1850 violaren-

565 1908 709 1981 tur,
751 1896 999 1986 patrius
1038 1917 1222 1964 amor
1258 1899 1564 1966 vinceret.
1611 1899 1772 1965 Illud
1826 1909 2153 1966 certamen
2190 1898 2483 1987 apprime
2518 1896 2690 1964 ordi-

566 2022 792 2079 natum
829 2020 928 2079 est
965 2012 1045 2078 ab
1099 2010 1404 2099 Euripide
1441 2011 1508 2078 in
1560 2011 1778 2079 fabula
1826 2034 1972 2100 quae
2008 2013 2226 2080 Medea
2271 2012 2647 2080 inscribitur
2667 2034 2684 2093 ;

567 2126 635 2194 in
692 2147 821 2214 qua
874 2146 1037 2192 uxor
1085 2125 1375 2208 JasoniS,
1435 2127 1611 2214 quod
1664 2126 1747 2193 sit
1796 2126 2033 2194 infidus
2084 2127 2422 2217 impotenti
2470 2128 2691 2213 furore

568 2240 915 2326 exagitata,
984 2239 1152 2306 filios
1176 2291 1191 2321 ,
1260 2260 1389 2326 quo
1450 2240 1729 2329 majores
1788 2241 2049 2308 sceleris
2111 2261 2335 2329 poenas
2397 2262 2436 2307 a
2506 2250 2690 2328 patre

567 2355 803 2442 exigat,
849 2353 1143 2422 occidere
1190 2353 1544 2422 constituit.
1600 2355 1792 2437 Quae,
1851 2354 1970 2422 etsi
2022 2374 2190 2422 caeca
2238 2355 2336 2423 ira
2365 2356 2443 2422 ad
2495 2375 2689 2442 agen-

567 2471 723 2562 dum
762 2470 1112 2554 inducitur,
1157 2471 1396 2539 liberos
1449 2481 1667 2539 tamen
1718 2470 2084 2539 carissimos
2134 2470 2364 2553 habet,
2408 2469 2568 2537 adeo
2618 2479 2692 2535 ut

565 2586 758 2653 modo
799 2596 1061 2675 superet
1097 2607 1281 2654 amor
1316 2587 1739 2670 iracundiam,
1775 2588 1966 2654 modo
2004 2586 2337 2655 iracundia
2373 2605 2684 2652 amorem.

565 2700 926 2789 Aspicienti·
955 2701 1129 2768 enim
1169 2701 1337 2769 filios
1375 2723 1539 2790 quos
1576 2701 1863 2791 peperit,
1908 2702 2144 2790 quibus
2193 2700 2587 2769 enutriendis
2627 2707 2692 2765 et

567 2815 1028 2898 informandiS,
1079 2826 1170 2883 tot
1214 2817 1504 2898 laboreS,
1557 2826 1651 2884 tot
1702 2816 1957 2884 dolores
2006 2826 2304 2906 experta,
2354 2799 2683 2895 incubuit,

568 2952 773 2998 saevus
803 2930 1061 2999 animus
1089 2930 1390 3014 flectitur,
1422 2951 1782 3018 manusque
1820 2929 2171 3019 pugionem
2207 2929 2497 2997 remittit.
2527 2926 2691 3006 Quin

567 3044 760 3113 etiam
797 3045 1111 3113 mulieres
1142 3045 1329 3112 sociae
1367 3064 1448 3112 ne
1488 3055 1740 3111 tantum
1780 3044 1987 3111 scelus
2016 3045 2341 3127 admittat,
2372 3044 2451 3111 ad
2480 3064 2693 3130 genua

567 3159 921 3247 provolutae
942 3213 961 3242 ,
1003 3169 1266 3227 exorant
1296 3181 1309 3224 :
1342 3159 1709 3226 consideret
1736 3155 1910 3227 enim
1941 3168 2134 3246 atque
2162 3159 2230 3225 in
2255 3169 2473 3226 mente
2494 3179 2692 3247 repu—

567 3282 659 3341 tet
696 3272 925 3361 quale,
969 3273 1195 3342 occisis
1234 3273 1504 3362 propria
1540 3293 1739 3340 manu
1763 3273 1913 3340 filiis
1936 3326 1951 3356 ,
1981 3274 2307 3361 piaculum
2345 3272 2686 3361 suscipiat,

567 3408 714 3475 quae
752 3386 930 3473 regio
968 3408 1333 3475 respersam
1371 3408 1556 3455 sacro
1598 3387 1910 3475 sanguine
1940 3398 2284 3476 exceptura
2309 3386 2391 3455 sit
2416 3379 2694 3454 matrem

568 3508 715 3566 ante
755 3519 976 3567 omnes
1020 3499 1281 3587 impiam
1331 3500 1454 3589 (2).
1500 3502 1637 3568 Imo
1692 3521 1760 3569 se
1811 3501 1952 3589 ipsa
2005 3501 2255 3589 arguit,
2314 3500 2696 3588 facinusque

627 3646 701 3709 (1)
732 3648 882 3711 Ἐμοι
907 3649 1131 3705 δ’ὅνειδος
1162 3652 1225 3711 μὴ
1257 3652 1416 3699 θανεῖν
1440 3651 1565 3715 ὑπὲρ
1588 3652 1778 3700 τὲκνου.

1431 3736 1663 3799 Euripid.
1696 3736 1966 3800 Androm.,
1992 3735 2101 3786 410.

630 3795 704 3857 (2)
728 3799 841 3852 Πῶς
1128 3860 1141 3875 Ι

1000 3875 1057 3907 σε
1079 3876 1217 3923 χωρα

722 3947 810 3994 τὰν
836 3946 1203 4011 παιδολέτειραν
1234 3947 1326 4003 ἕξει

722 4035 811 4083 τὰν
842 4034 934 4096 οὐχ
963 4034 1104 4083 ὁσίαν
1124 4072 1137 4095 ,
1172 4035 1436 4097 μέτ’ἄλλων
1460 4053 1472 4094 ς

1247 4122 1475 4186 Euripid.
1504 4123 1709 4186 Medea,
1738 4121 1848 4174 846.

2981 4463 3046 4920 {nn-m-..-
