3064 4949
1465 452 1555 464 -.
1599 415 1643 483 2
1687 455 1776 467 ..-

559 554 1005 644 probabantur
1061 553 1382 622 Praeneste
1415 556 1728 643 relegenti
1767 557 1917 627 belli
1963 558 2196 647 trojani
2253 558 2640 646 scriptorem
2659 612 2676 642 ,

718 741 837 814 Qui
866 740 1012 819 quid
1040 740 1118 801 sit
1140 741 1463 818 pulchrum
1479 788 1495 817 ,
1522 704 1678 820 quid
1695 747 1871 822 turpe
1890 790 1907 820 ,
1931 742 2079 822 quid
2108 742 2279 820 utile,
2301 742 2450 822 quid
2480 761 2606 802 non

716 846 962 908 Planius
990 864 1060 907 ac
1088 847 1306 907 melius
1334 846 1663 927 Chrysippo
1691 853 1753 908 et
1782 848 2073 909 Crantore
2112 849 2276 911 dicit.

554 1021 688 1092 Nec
731 1021 1056 1090 diversum
1115 1031 1213 1089 est
1263 999 1583 1108 judicium
1639 1022 2084 1111 Aristophanis
2144 1022 2257 1111 qui
2307 1022 2686 1112 AEschylum

553 1135 801 1204 inducit
839 1135 960 1204 sibi
990 1135 1283 1225 ejusdem
1311 1136 1569 1224 generis
1598 1137 1907 1205 meritum
1933 1137 2363 1206 vindicantem
2386 1190 2403 1221 ,
2441 1137 2686 1226 quippe

556 1249 706 1338 qui,
751 1254 891 1318 orta
929 1251 1008 1318 de
1045 1249 1257 1338 primo
1297 1252 1436 1318 loco
1481 1271 1630 1318 cum
1684 1250 2018 1340 Euripide'
2046 1251 2488 1334 contentione,
2528 1271 2687 1339 poe-

557 1375 688 1432 tam
724 1364 1105 1453 profiteatur
1140 1363 1366 1452 capitis
1404 1365 1919 1454 anquirendum,
1964 1365 2019 1433 si
2049 1374 2216 1433 totas
2245 1364 2486 1453 ingenii
2514 1364 2683 1432 vires

554 1478 622 1545 in
657 1479 779 1547 hoc
816 1500 947 1547 non
986 1479 1387 1548 contenderit
1426 1489 1499 1547 ut
1538 1480 1846 1568 exemplis
1885 1480 2211 1548 nobilibus
2249 1479 2679 1568 spectantium

553 1593 800 1662 animos
840 1594 1045 1682 erigat
1089 1617 1102 1661 :
1151 1617 1186 1661 «
1226 1595 1357 1664 Nec
1395 1615 1583 1662 secus
1628 1594 1709 1662 ab
1758 1592 2012 1683 Orpheo
2050 1594 2351 1662 homines
2391 1614 2570 1661 sacra
2612 1614 2687 1661 ac

552 1708 747 1778 caedis
785 1708 1254 1778 aversationem
1291 1710 1582 1790 edoctOS,
1643 1729 1682 1775 a
1718 1708 1936 1777 Museo
1975 1709 2359 1777 morborum
2399 1707 2685 1776 curatio-

554 1845 707 1892 nem
755 1834 819 1892 et
870 1824 1162 1907 oracula,
1213 1824 1293 1891 ab
1343 1823 1624 1892 Hesiodo
1676 1822 1976 1912 peritiam
2026 1844 2335 1911 agrorum
2384 1824 2686 1892 colendo-

554 1959 742 2022 rum,
819 1940 1231 2027 prudentiam
1304 1940 1628 2033 bellorum
1701 1938 1781 2006 ab
1859 1939 2143 2007 Homero
2174 1991 2191 2021 ,
2270 1938 2381 2026 qui
2456 1936 2688 2006 ceteris

553 2053 856 2123 omnibus
893 2053 1306 2141 praestiterit,
1364 2074 1433 2122 se
1480 2073 1744 2142 quoque
1789 2052 1958 2120 hanc
2006 2051 2175 2120 viam
2227 2059 2522 2118 secutum
2557 2048 2688 2116 exi-

553 2167 685 2237 mia
725 2177 1049 2257 praecepta
1081 2167 1444 2236 tradidisse.
1483 2189 1517 2233 ι»

594 2348 599 2351 ,
643 2281 951 2350 Eamdem
989 2281 1377 2350 sententiam
1431 2302 1506 2349 ex
1554 2281 1795 2350 nostris
1845 2279 2245 2348 clarissimus
2296 2277 2572 2366 scriptor
2623 2287 2688 2345 et

554 2396 1065 2480 studiosissimus
1129 2396 1536 2486 antiquitatis
1581 2395 1865 2469 ¹omnino
1929 2404 2137 2479 tenet,
2207 2402 2308 2477 et,
2386 2393 2690 2461 advocata

552 2511 761 2580 Flacci
819 2522 886 2586 et
941 2522 1233 2582 veterum
1286 2512 1703 2595 auctoritate,
1765 2510 2098 2600 'poeticum
2157 2529 2396 2578 munus
2458 2507 2688 2575 asserit

550 2647 673 2696 nec
709 2626 993 2714 ignobile
1033 2647 1173 2694 esse
1196 2679 1214 2709 ,
1266 2646 1388 2696 nec
1440 2646 1638 2715 parvo
1684 2619 1834 2693 usui
1878 2647 1892 2690 ε
1938 2624 2113 2713 quod
2162 2622 2472 2712 opinione
2520 2623 2688 2710 vulgi

551 2741 711 2810 adeo
764 2740 1181 2828 praestantius
1236 2739 1594 2809 arbitratur
1643 2749 1715 2807 ut
1762 2740 1969 2807 bonos
2020 2747 2283 2828 poetas,
2335 2758 2411 2806 ex
2452 2735 2690 2805 Graecis

551 2853 870 2943 imprimis
891 2908 909 2938 ,
954 2876 1105 2923 cum
1142 2854 1341 2923 sacris
1380 2852 1841 2944 scriptoribus,
1890 2854 1973 2921 ob
2022 2853 2333 2924 doctrinae
2372 2851 2689 2948 excellen-v

551 2967 739 3051 tiam,
782 2969 1095 3037 conferat.
1139 2968 1265 3038 Eos
1300 2969 1633 3058 praecipue
1686 2969 1908 3038 laudat
1954 2968 2195 3057 quibus
2248 2967 2374 3056 ipsi
2420 2965 2694 3035 attendi-

552 3103 731 3166 muS,
778 3093 844 3151 et
879 3084 1127 3152 fabulas
1167 3085 1248 3152 ad
1293 3083 1627 3173 Sophoclis
1677 3083 1984 3172 placitum
2034 3093 2098 3152 et
2146 3081 2468 3151 rationem
2518 3101 2692 3150 com-

552 3198 832 3286 positaS,
881 3198 1133 3267 omissis
1182 3200 1484 3287 turpibus
1530 3198 1889 3282 illecebris,
1948 3219 2095 3286 quae
2151 3196 2517 3286 spectacula
2568 3194 2695 3263 sint
2789 3271 2798 3274 ,

552 3309 848 3379 moribus
886 3310 1311 3382 informandis
1349 3311 1715 3400 aptissima,
1756 3311 1826 3381 in
1863 3311 2070 3380 Gallia
2091 3364 2108 3394 ,
2151 3309 2498 3379 desiderat.

641 3426 919 3508 Verum,
977 3425 1150 3494 inter
1195 3436 1521 3515 praecepta
1589 3427 2008 3514 exemplaque
2058 3446 2096 3494 a
2156 3424 2368 3493 tribus
2428 3422 2694 3510 tragicis

550 3538 919 3628 proposita,
963 3559 1039 3607 ea
1075 3539 1318 3628 optima
1354 3541 1646 3628 profecto
1696 3548 1850 3607 sunt
1883 3549 1949 3607 et
1994 3538 2506 3607 luculentissima
2546 3555 2694 3624 quae

556 3653 635 3720 de
673 3653 867 3720 domo
916 3663 1269 3742 mutuaque
1318 3654 1843 3743 propinquorum
1899 3652 2311 3722 observantia
2354 3649 2698 3720 enuntian-

557 3775 687 3833 tur.
729 3766 1060 3858 AEschylus
1100 3768 1273 3838 enim
1312 3789 1387 3836 ex
1423 3777 1674 3858 septem
1709 3767 1944 3836 fabulis
1986 3788 2133 3855 quae
2172 3774 2525 3855 supersunt
2564 3773 2698 3832 tres

557 3877 823 3952 omnino
870 3879 1102 3963 habet,
1159 3880 1239 3948 de
1296 3880 1539 3951 Atridis
1597 3880 1881 3963 scilicet,
1943 3900 2091 3968 quae
2152 3878 2326 3946 circa
2374 3874 2703 3966 ejusmodi

555 3994 767 4063 officia
811 3995 1128 4066 universae
1189 4007 1567 4080 versantur;
1622 4007 1687 4065 et
1739 3998 2051 4070 nonnulla
2101 3998 2168 4064 in
2215 3993 2447 4064 ceteris
2493 4013 2724 4082 repe-„
