<?xml version="1.0" encoding="UTF-8"?>
<!DOCTYPE html PUBLIC "-//W3C//DTD XHTML 1.0 Transitional//EN"
    "http://www.w3.org/TR/xhtml1/DTD/xhtml1-transitional.dtd">
<html xmlns="http://www.w3.org/1999/xhtml" xml:lang="en" lang="en">
 <head>
  <title>
</title>
<meta http-equiv="Content-Type" content="text/html;charset=utf-8" />
  <meta name='ocr-system' content='tesseract 3.04.00' />
  <meta name='ocr-capabilities' content='ocr_page ocr_carea ocr_par ocr_line ocrx_word'/>
</head>
<body>
  <div class='ocr_page' id='page_1' title='image "./domuspatronosec00poulgoog/domuspatronosec00poulgoog_0060.png"; bbox 0 0 3064 4949; ppageno 0'>
   <div class='ocr_carea' id='block_1_1' title="bbox 1467 532 1821 601">
    <p class='ocr_par' dir='ltr' id='par_1_1' title="bbox 1467 532 1821 601">
     <span class='ocr_line' id='line_1_1' title="bbox 1467 532 1821 601; baseline -0.003 -17"><span class='ocrx_word' id='word_1_1' title='bbox 1467 532 1821 601; x_wconf 69' lang='lat'>-52-</span> 
     </span>
    </p>
   </div>
   <div class='ocr_carea' id='block_1_2' title="bbox 549 663 2711 3982">
    <p class='ocr_par' dir='ltr' id='par_1_2' title="bbox 555 663 2711 2830">
     <span class='ocr_line' id='line_1_2' title="bbox 577 663 2710 763; baseline -0 -20"><span class='ocrx_word' id='word_1_2' title='bbox 577 663 735 743; x_wconf 87' lang='lat' dir='ltr'>num</span> <span class='ocrx_word' id='word_1_3' title='bbox 792 677 1046 763; x_wconf 78' lang='lat' dir='ltr'>ignoret</span> <span class='ocrx_word' id='word_1_4' title='bbox 1099 696 1245 763; x_wconf 81' lang='lat' dir='ltr'>quae</span> <span class='ocrx_word' id='word_1_5' title='bbox 1294 676 1377 742; x_wconf 89' lang='lat' dir='ltr'>sit</span> <span class='ocrx_word' id='word_1_6' title='bbox 1423 677 1526 743; x_wconf 85' lang='lat' dir='ltr'>lex</span> <span class='ocrx_word' id='word_1_7' title='bbox 1578 676 1960 743; x_wconf 82' lang='lat' dir='ltr'><strong>mortalibus</strong></span> <span class='ocrx_word' id='word_1_8' title='bbox 2005 675 2352 742; x_wconf 86' lang='lat' dir='ltr'>constituta</span> <span class='ocrx_word' id='word_1_9' title='bbox 2408 696 2423 740; x_wconf 75' lang='grc' dir='ltr'><strong><em>ε</em></strong></span> <span class='ocrx_word' id='word_1_10' title='bbox 2487 695 2710 763; x_wconf 86' lang='lat' dir='ltr'>asper-</span> 
     </span>
     <span class='ocr_line' id='line_1_3' title="bbox 576 789 2708 879; baseline -0.002 -20"><span class='ocrx_word' id='word_1_11' title='bbox 576 801 901 879; x_wconf 90' lang='lat' dir='ltr'>nanteque</span> <span class='ocrx_word' id='word_1_12' title='bbox 940 791 1183 857; x_wconf 88' lang='lat' dir='ltr'>monita</span> <span class='ocrx_word' id='word_1_13' title='bbox 1207 790 1585 877; x_wconf 73' lang='lat' dir='ltr'>Hippolyte,</span> <span class='ocrx_word' id='word_1_14' title='bbox 1628 812 1702 857; x_wconf 92' lang='lat' dir='ltr'>ac</span> <span class='ocrx_word' id='word_1_15' title='bbox 1740 790 1995 879; x_wconf 86' lang='lat' dir='ltr'>Cyprim</span> <span class='ocrx_word' id='word_1_16' title='bbox 2022 789 2294 878; x_wconf 86' lang='lat' dir='ltr'>jubente</span> <span class='ocrx_word' id='word_1_17' title='bbox 2345 789 2708 877; x_wconf 91' lang='lat' dir='ltr'>plurimum</span> 
     </span>
     <span class='ocr_line' id='line_1_4' title="bbox 572 904 2704 998; baseline -0.001 -24"><span class='ocrx_word' id='word_1_18' title='bbox 572 908 820 998; x_wconf 80' lang='lat' dir='ltr'>valere,</span> <span class='ocrx_word' id='word_1_19' title='bbox 879 926 1070 972; x_wconf 81' lang='lat' dir='ltr'>senex</span> <span class='ocrx_word' id='word_1_20' title='bbox 1125 905 1340 971; x_wconf 87' lang='lat' dir='ltr'>verbis</span> <span class='ocrx_word' id='word_1_21' title='bbox 1392 905 1717 988; x_wconf 82' lang='lat' dir='ltr'>offensuS,</span> <span class='ocrx_word' id='word_1_22' title='bbox 1775 915 1839 972; x_wconf 89' lang='lat' dir='ltr'>et</span> <span class='ocrx_word' id='word_1_23' title='bbox 1895 925 1977 972; x_wconf 94' lang='lat' dir='ltr'>ne</span> <span class='ocrx_word' id='word_1_24' title='bbox 2031 904 2114 970; x_wconf 90' lang='lat' dir='ltr'>sit</span> <span class='ocrx_word' id='word_1_25' title='bbox 2162 904 2488 991; x_wconf 82' lang='lat' dir='ltr'>piaculum</span> <span class='ocrx_word' id='word_1_26' title='bbox 2539 906 2704 971; x_wconf 83' lang='lat' dir='ltr'>exti-</span> 
     </span>
     <span class='ocr_line' id='line_1_5' title="bbox 572 1019 2699 1107; baseline -0.001 -20"><span class='ocrx_word' id='word_1_27' title='bbox 572 1038 900 1103; x_wconf 82' lang='lat' dir='ltr'>mescenS,</span> <span class='ocrx_word' id='word_1_28' title='bbox 960 1044 994 1087; x_wconf 84' lang='lat'>«</span> <span class='ocrx_word' id='word_1_29' title='bbox 1036 1041 1153 1087; x_wconf 90' lang='lat' dir='ltr'>nos</span> <span class='ocrx_word' id='word_1_30' title='bbox 1193 1040 1374 1102; x_wconf 89' lang='lat' dir='ltr'>ver0,</span> <span class='ocrx_word' id='word_1_31' title='bbox 1418 1020 1682 1087; x_wconf 88' lang='lat' dir='ltr'>domina</span> <span class='ocrx_word' id='word_1_32' title='bbox 1717 1021 1965 1102; x_wconf 83' lang='lat' dir='ltr'>VenuS,</span> <span class='ocrx_word' id='word_1_33' title='bbox 2012 1021 2388 1101; x_wconf 87' lang='lat' dir='ltr'>adoramus,</span> <span class='ocrx_word' id='word_1_34' title='bbox 2447 1019 2699 1107; x_wconf 91' lang='lat' dir='ltr'>inquit,</span> 
     </span>
     <span class='ocr_line' id='line_1_6' title="bbox 571 1133 2703 1223; baseline -0 -21"><span class='ocrx_word' id='word_1_35' title='bbox 571 1145 680 1202; x_wconf 91' lang='lat' dir='ltr'>tua</span> <span class='ocrx_word' id='word_1_36' title='bbox 717 1135 928 1222; x_wconf 81' lang='lat' dir='ltr'>signa3</span> <span class='ocrx_word' id='word_1_37' title='bbox 963 1134 1235 1223; x_wconf 86' lang='lat' dir='ltr'>juvenes</span> <span class='ocrx_word' id='word_1_38' title='bbox 1277 1133 1452 1200; x_wconf 92' lang='lat' dir='ltr'>enim</span> <span class='ocrx_word' id='word_1_39' title='bbox 1491 1155 1624 1202; x_wconf 92' lang='lat' dir='ltr'>non</span> <span class='ocrx_word' id='word_1_40' title='bbox 1660 1136 1847 1202; x_wconf 92' lang='lat' dir='ltr'>decet</span> <span class='ocrx_word' id='word_1_41' title='bbox 1883 1134 2158 1216; x_wconf 73' lang='lat' dir='ltr'>imitari,</span> <span class='ocrx_word' id='word_1_42' title='bbox 2201 1133 2438 1222; x_wconf 89' lang='lat' dir='ltr'>quibus</span> <span class='ocrx_word' id='word_1_43' title='bbox 2476 1144 2703 1202; x_wconf 91' lang='lat' dir='ltr'>tamen</span> 
     </span>
     <span class='ocr_line' id='line_1_7' title="bbox 569 1249 2709 1337; baseline -0.001 -19"><span class='ocrx_word' id='word_1_44' title='bbox 569 1251 681 1318; x_wconf 91' lang='lat' dir='ltr'>des</span> <span class='ocrx_word' id='word_1_45' title='bbox 718 1251 970 1317; x_wconf 89' lang='lat' dir='ltr'>veniam</span> <span class='ocrx_word' id='word_1_46' title='bbox 1019 1259 1306 1337; x_wconf 85' lang='lat' dir='ltr'>oportet,</span> <span class='ocrx_word' id='word_1_47' title='bbox 1360 1249 1413 1315; x_wconf 92' lang='lat' dir='ltr'>si</span> <span class='ocrx_word' id='word_1_48' title='bbox 1465 1250 1612 1337; x_wconf 84' lang='lat' dir='ltr'>quis</span> <span class='ocrx_word' id='word_1_49' title='bbox 1656 1270 1730 1316; x_wconf 86' lang='lat' dir='ltr'>ex</span> <span class='ocrx_word' id='word_1_50' title='bbox 1780 1249 2213 1317; x_wconf 90' lang='lat' dir='ltr'>adolescentia</span> <span class='ocrx_word' id='word_1_51' title='bbox 2263 1250 2332 1315; x_wconf 90' lang='lat' dir='ltr'>in</span> <span class='ocrx_word' id='word_1_52' title='bbox 2379 1250 2709 1316; x_wconf 81' lang='lat' dir='ltr'>vesaniam</span> 
     </span>
     <span class='ocr_line' id='line_1_8' title="bbox 568 1363 2711 1454; baseline -0.001 -21"><span class='ocrx_word' id='word_1_53' title='bbox 568 1386 851 1454; x_wconf 82' lang='lat' dir='ltr'>pronuS,</span> <span class='ocrx_word' id='word_1_54' title='bbox 917 1365 1110 1432; x_wconf 90' lang='lat' dir='ltr'>stulta</span> <span class='ocrx_word' id='word_1_55' title='bbox 1170 1365 1249 1431; x_wconf 92' lang='lat' dir='ltr'>de</span> <span class='ocrx_word' id='word_1_56' title='bbox 1309 1374 1370 1431; x_wconf 88' lang='lat' dir='ltr'>te</span> <span class='ocrx_word' id='word_1_57' title='bbox 1430 1364 1718 1451; x_wconf 90' lang='lat' dir='ltr'>loquitur</span> <span class='ocrx_word' id='word_1_58' title='bbox 1772 1364 1898 1453; x_wconf 84' lang='lat'>(1).</span> <span class='ocrx_word' id='word_1_59' title='bbox 1949 1386 1981 1430; x_wconf 84' lang='lat'>»</span> <span class='ocrx_word' id='word_1_60' title='bbox 2050 1364 2167 1433; x_wconf 91' lang='lat' dir='ltr'>Cui</span> <span class='ocrx_word' id='word_1_61' title='bbox 2232 1363 2448 1452; x_wconf 92' lang='lat' dir='ltr'>reipsa</span> <span class='ocrx_word' id='word_1_62' title='bbox 2506 1365 2711 1432; x_wconf 89' lang='lat' dir='ltr'>funus</span> 
     </span>
     <span class='ocr_line' id='line_1_9' title="bbox 567 1478 2702 1566; baseline -0.001 -19"><span class='ocrx_word' id='word_1_63' title='bbox 567 1479 1057 1559; x_wconf 31' lang='lat' dir='ltr'>acerbis-simum</span> <span class='ocrx_word' id='word_1_64' title='bbox 1105 1488 1329 1566; x_wconf 76' lang='lat' dir='ltr'>parat,</span> <span class='ocrx_word' id='word_1_65' title='bbox 1395 1499 1514 1546; x_wconf 92' lang='lat' dir='ltr'>nec</span> <span class='ocrx_word' id='word_1_66' title='bbox 1560 1478 1808 1545; x_wconf 84' lang='lat' dir='ltr'>cladem</span> <span class='ocrx_word' id='word_1_67' title='bbox 1851 1488 2065 1566; x_wconf 90' lang='lat' dir='ltr'>potest</span> <span class='ocrx_word' id='word_1_68' title='bbox 2115 1489 2403 1546; x_wconf 88' lang='lat' dir='ltr'>avertere</span> <span class='ocrx_word' id='word_1_69' title='bbox 2466 1478 2702 1561; x_wconf 88' lang='lat' dir='ltr'>Diana,</span> 
     </span>
     <span class='ocr_line' id='line_1_10' title="bbox 565 1594 2708 1676; baseline 0 -16"><span class='ocrx_word' id='word_1_70' title='bbox 565 1594 717 1676; x_wconf 88' lang='lat' dir='ltr'>licet</span> <span class='ocrx_word' id='word_1_71' title='bbox 766 1614 1023 1660; x_wconf 91' lang='lat' dir='ltr'>servum</span> <span class='ocrx_word' id='word_1_72' title='bbox 1084 1594 1182 1660; x_wconf 89' lang='lat' dir='ltr'>sui</span> <span class='ocrx_word' id='word_1_73' title='bbox 1243 1594 1887 1661; x_wconf 81' lang='lat' dir='ltr'>observantissimum</span> <span class='ocrx_word' id='word_1_74' title='bbox 1946 1613 2202 1661; x_wconf 90' lang='lat' dir='ltr'>summo</span> <span class='ocrx_word' id='word_1_75' title='bbox 2259 1614 2482 1662; x_wconf 88' lang='lat' dir='ltr'>amore</span> <span class='ocrx_word' id='word_1_76' title='bbox 2533 1615 2708 1661; x_wconf 89' lang='lat' dir='ltr'>com-</span> 
     </span>
     <span class='ocr_line' id='line_1_11' title="bbox 564 1690 2703 1797; baseline -0 -21"><span class='ocrx_word' id='word_1_77' title='bbox 564 1711 915 1797; x_wconf 81' lang='lat' dir='ltr'>plectatur3</span> <span class='ocrx_word' id='word_1_78' title='bbox 967 1730 1088 1776; x_wconf 91' lang='lat' dir='ltr'>nec</span> <span class='ocrx_word' id='word_1_79' title='bbox 1134 1690 1366 1776; x_wconf 86' lang='lat' dir='ltr'>Veneri</span> <span class='ocrx_word' id='word_1_80' title='bbox 1432 1709 1747 1776; x_wconf 90' lang='lat' dir='ltr'>obsistere</span> <span class='ocrx_word' id='word_1_81' title='bbox 1809 1708 1999 1776; x_wconf 84' lang='lat' dir='ltr'>castis</span> <span class='ocrx_word' id='word_1_82' title='bbox 2053 1696 2269 1797; x_wconf 87' lang='lat' dir='ltr'>(quod</span> <span class='ocrx_word' id='word_1_83' title='bbox 2312 1708 2453 1797; x_wconf 89' lang='lat' dir='ltr'>ipsa</span> <span class='ocrx_word' id='word_1_84' title='bbox 2503 1708 2703 1797; x_wconf 86' lang='lat' dir='ltr'>profi-</span> 
     </span>
     <span class='ocr_line' id='line_1_12' title="bbox 565 1823 2702 1913; baseline -0.001 -19"><span class='ocrx_word' id='word_1_85' title='bbox 565 1826 802 1913; x_wconf 88' lang='lat' dir='ltr'>tetur),</span> <span class='ocrx_word' id='word_1_86' title='bbox 843 1824 1316 1892; x_wconf 83' lang='lat' dir='ltr'>infensissimae.</span> <span class='ocrx_word' id='word_1_87' title='bbox 1359 1823 1573 1903; x_wconf 84' lang='lat' dir='ltr'>Quum</span> <span class='ocrx_word' id='word_1_88' title='bbox 1611 1824 1808 1910; x_wconf 81' lang='lat' dir='ltr'>igitur</span> <span class='ocrx_word' id='word_1_89' title='bbox 1848 1825 2098 1890; x_wconf 92' lang='lat' dir='ltr'>nullum</span> <span class='ocrx_word' id='word_1_90' title='bbox 2138 1824 2508 1911; x_wconf 77' lang='lat' dir='ltr'>praebeatur</span> <span class='ocrx_word' id='word_1_91' title='bbox 2543 1825 2702 1891; x_wconf 90' lang='lat' dir='ltr'>mali</span> 
     </span>
     <span class='ocr_line' id='line_1_13' title="bbox 565 1939 2700 2026; baseline 0 -20"><span class='ocrx_word' id='word_1_92' title='bbox 565 1940 907 2026; x_wconf 84' lang='lat' dir='ltr'>effugium,</span> <span class='ocrx_word' id='word_1_93' title='bbox 966 1940 1160 2007; x_wconf 88' lang='lat' dir='ltr'>etiam</span> <span class='ocrx_word' id='word_1_94' title='bbox 1203 1939 1650 2026; x_wconf 83' lang='lat' dir='ltr'>patrocinante</span> <span class='ocrx_word' id='word_1_95' title='bbox 1692 1941 1845 2023; x_wconf 80' lang='lat' dir='ltr'>dea,</span> <span class='ocrx_word' id='word_1_96' title='bbox 1901 1941 2071 2008; x_wconf 90' lang='lat' dir='ltr'>hanc</span> <span class='ocrx_word' id='word_1_97' title='bbox 2118 1941 2420 2007; x_wconf 87' lang='lat' dir='ltr'>virtutem</span> <span class='ocrx_word' id='word_1_98' title='bbox 2482 1942 2700 2008; x_wconf 90' lang='lat' dir='ltr'>colen-</span> 
     </span>
     <span class='ocr_line' id='line_1_14' title="bbox 564 2052 2698 2142; baseline 0.002 -25"><span class='ocrx_word' id='word_1_99' title='bbox 564 2052 767 2134; x_wconf 84' lang='lat' dir='ltr'>tibus,</span> <span class='ocrx_word' id='word_1_100' title='bbox 812 2053 1141 2139; x_wconf 84' lang='lat' dir='ltr'>quodnam</span> <span class='ocrx_word' id='word_1_101' title='bbox 1180 2053 1319 2120; x_wconf 91' lang='lat' dir='ltr'>dari</span> <span class='ocrx_word' id='word_1_102' title='bbox 1354 2054 1695 2121; x_wconf 90' lang='lat' dir='ltr'>consilium</span> <span class='ocrx_word' id='word_1_103' title='bbox 1729 2054 1898 2121; x_wconf 89' lang='lat' dir='ltr'>hanc</span> <span class='ocrx_word' id='word_1_104' title='bbox 1933 2054 2234 2136; x_wconf 41' lang='lat' dir='ltr'>fabulam,</span> <span class='ocrx_word' id='word_1_105' title='bbox 2257 2054 2698 2142; x_wconf 87' lang='lat' dir='ltr'>spectantibus</span> 
     </span>
     <span class='ocr_line' id='line_1_15' title="bbox 562 2167 2695 2257; baseline 0 -23"><span class='ocrx_word' id='word_1_106' title='bbox 562 2167 1050 2249; x_wconf 85' lang='lat' dir='ltr'>arbitrabimur,</span> <span class='ocrx_word' id='word_1_107' title='bbox 1120 2167 1241 2234; x_wconf 89' lang='lat' dir='ltr'>nisi</span> <span class='ocrx_word' id='word_1_108' title='bbox 1303 2169 1725 2235; x_wconf 87' lang='lat' dir='ltr'>contrahendi</span> <span class='ocrx_word' id='word_1_109' title='bbox 1795 2169 2283 2236; x_wconf 82' lang='lat' dir='ltr'>matrimonium</span> <span class='ocrx_word' id='word_1_110' title='bbox 2335 2169 2695 2257; x_wconf 90' lang='lat' dir='ltr'>Venerique</span> 
     </span>
     <span class='ocr_line' id='line_1_16' title="bbox 559 2282 2697 2373; baseline 0.002 -26"><span class='ocrx_word' id='word_1_111' title='bbox 559 2283 911 2356; x_wconf 85' lang='lat' dir='ltr'>famulandi</span> <span class='ocrx_word' id='word_1_112' title='bbox 953 2303 1147 2370; x_wconf 89' lang='lat' dir='ltr'>quam</span> <span class='ocrx_word' id='word_1_113' title='bbox 1187 2282 1277 2348; x_wconf 90' lang='lat' dir='ltr'>dii</span> <span class='ocrx_word' id='word_1_114' title='bbox 1326 2283 1451 2371; x_wconf 90' lang='lat' dir='ltr'>ipsi</span> <span class='ocrx_word' id='word_1_115' title='bbox 1500 2294 1904 2351; x_wconf 90' lang='lat' dir='ltr'>reverentur.</span> <span class='ocrx_word' id='word_1_116' title='bbox 1966 2284 2186 2373; x_wconf 87' lang='lat' dir='ltr'>Itaque</span> <span class='ocrx_word' id='word_1_117' title='bbox 2225 2285 2470 2352; x_wconf 90' lang='lat' dir='ltr'>mirum</span> <span class='ocrx_word' id='word_1_118' title='bbox 2508 2284 2697 2352; x_wconf 90' lang='lat' dir='ltr'>nobis</span> 
     </span>
     <span class='ocr_line' id='line_1_17' title="bbox 560 2396 2695 2487; baseline 0 -23"><span class='ocrx_word' id='word_1_119' title='bbox 560 2416 715 2464; x_wconf 91' lang='lat' dir='ltr'>sane</span> <span class='ocrx_word' id='word_1_120' title='bbox 752 2397 1007 2464; x_wconf 91' lang='lat' dir='ltr'>videtur</span> <span class='ocrx_word' id='word_1_121' title='bbox 1041 2396 1390 2484; x_wconf 88' lang='lat' dir='ltr'>scriptores</span> <span class='ocrx_word' id='word_1_122' title='bbox 1439 2397 1853 2485; x_wconf 85' lang='lat' dir='ltr'>gravissimos</span> <span class='ocrx_word' id='word_1_123' title='bbox 1892 2419 1966 2465; x_wconf 91' lang='lat' dir='ltr'>ac</span> <span class='ocrx_word' id='word_1_124' title='bbox 2009 2399 2549 2487; x_wconf 88' lang='lat' dir='ltr'>prudentissimos</span> <span class='ocrx_word' id='word_1_125' title='bbox 2585 2399 2695 2465; x_wconf 91' lang='lat' dir='ltr'>lit-</span> 
     </span>
     <span class='ocr_line' id='line_1_18' title="bbox 558 2512 2694 2601; baseline 0 -22"><span class='ocrx_word' id='word_1_126' title='bbox 558 2521 848 2579; x_wconf 89' lang='lat' dir='ltr'>terarum</span> <span class='ocrx_word' id='word_1_127' title='bbox 883 2512 1257 2580; x_wconf 84' lang='lat' dir='ltr'>Graecarum</span> <span class='ocrx_word' id='word_1_128' title='bbox 1294 2533 1584 2580; x_wconf 91' lang='lat' dir='ltr'>asserere</span> <span class='ocrx_word' id='word_1_129' title='bbox 1622 2513 1790 2582; x_wconf 90' lang='lat' dir='ltr'>hanc</span> <span class='ocrx_word' id='word_1_130' title='bbox 1824 2514 2110 2581; x_wconf 87' lang='lat' dir='ltr'>fabulam</span> <span class='ocrx_word' id='word_1_131' title='bbox 2150 2515 2458 2582; x_wconf 86' lang='lat' dir='ltr'>eximium</span> <span class='ocrx_word' id='word_1_132' title='bbox 2494 2514 2694 2601; x_wconf 84' lang='lat' dir='ltr'>virgi-</span> 
     </span>
     <span class='ocr_line' id='line_1_19' title="bbox 558 2625 2698 2718; baseline 0.002 -26"><span class='ocrx_word' id='word_1_133' title='bbox 558 2625 773 2693; x_wconf 89' lang='lat' dir='ltr'>nitatis</span> <span class='ocrx_word' id='word_1_134' title='bbox 813 2646 953 2693; x_wconf 91' lang='lat' dir='ltr'>esse</span> <span class='ocrx_word' id='word_1_135' title='bbox 993 2626 1431 2714; x_wconf 85' lang='lat' dir='ltr'>praeconium,</span> <span class='ocrx_word' id='word_1_136' title='bbox 1485 2648 1629 2716; x_wconf 81' lang='lat' dir='ltr'>quae</span> <span class='ocrx_word' id='word_1_137' title='bbox 1683 2629 1849 2696; x_wconf 91' lang='lat' dir='ltr'>hanc</span> <span class='ocrx_word' id='word_1_138' title='bbox 1891 2629 2034 2697; x_wconf 82' lang='lat' dir='ltr'>vitae</span> <span class='ocrx_word' id='word_1_139' title='bbox 2082 2632 2401 2698; x_wconf 90' lang='lat' dir='ltr'>rationem</span> <span class='ocrx_word' id='word_1_140' title='bbox 2451 2630 2698 2718; x_wconf 87' lang='lat' dir='ltr'>imper—</span> 
     </span>
     <span class='ocr_line' id='line_1_20' title="bbox 555 2741 1970 2830; baseline 0.002 -22"><span class='ocrx_word' id='word_1_141' title='bbox 555 2741 724 2810; x_wconf 89' lang='lat' dir='ltr'>viam</span> <span class='ocrx_word' id='word_1_142' title='bbox 763 2741 1016 2830; x_wconf 87' lang='lat' dir='ltr'>diisque</span> <span class='ocrx_word' id='word_1_143' title='bbox 1053 2741 1322 2818; x_wconf 86' lang='lat' dir='ltr'>invisam</span> <span class='ocrx_word' id='word_1_144' title='bbox 1364 2763 1504 2810; x_wconf 90' lang='lat' dir='ltr'>esse</span> <span class='ocrx_word' id='word_1_145' title='bbox 1544 2743 1970 2811; x_wconf 81' lang='lat' dir='ltr'>demonstrat.</span> 
     </span>
    </p>

    <p class='ocr_par' dir='ltr' id='par_1_3' title="bbox 549 2847 2703 3982">
     <span class='ocr_line' id='line_1_21' title="bbox 645 2847 2695 2946; baseline 0.001 -23"><span class='ocrx_word' id='word_1_146' title='bbox 645 2858 899 2944; x_wconf 89' lang='lat' dir='ltr'>Itaque,</span> <span class='ocrx_word' id='word_1_147' title='bbox 946 2878 1029 2924; x_wconf 91' lang='lat' dir='ltr'>ne</span> <span class='ocrx_word' id='word_1_148' title='bbox 1068 2866 1214 2925; x_wconf 90' lang='lat' dir='ltr'>ante</span> <span class='ocrx_word' id='word_1_149' title='bbox 1253 2866 1510 2946; x_wconf 88' lang='lat' dir='ltr'>tempus</span> <span class='ocrx_word' id='word_1_150' title='bbox 1552 2879 1737 2926; x_wconf 92' lang='lat' dir='ltr'>amor</span> <span class='ocrx_word' id='word_1_151' title='bbox 1773 2858 2033 2926; x_wconf 89' lang='lat' dir='ltr'>innatus</span> <span class='ocrx_word' id='word_1_152' title='bbox 2063 2860 2170 2926; x_wconf 91' lang='lat' dir='ltr'>ille</span> <span class='ocrx_word' id='word_1_153' title='bbox 2202 2847 2695 2943; x_wconf 86' lang='lat' dir='ltr'>accenderetur,</span> 
     </span>
     <span class='ocr_line' id='line_1_22' title="bbox 552 2971 2703 3065; baseline 0.002 -26"><span class='ocrx_word' id='word_1_154' title='bbox 552 2971 764 3060; x_wconf 80' lang='lat' dir='ltr'>poetae</span> <span class='ocrx_word' id='word_1_155' title='bbox 796 2973 1160 3040; x_wconf 92' lang='lat' dir='ltr'>docuerunt</span> <span class='ocrx_word' id='word_1_156' title='bbox 1203 2993 1458 3041; x_wconf 86' lang='lat' dir='ltr'>summo</span> <span class='ocrx_word' id='word_1_157' title='bbox 1509 2973 1724 3041; x_wconf 87' lang='lat' dir='ltr'>studio</span> <span class='ocrx_word' id='word_1_158' title='bbox 1765 2995 1906 3042; x_wconf 88' lang='lat' dir='ltr'>esse</span> <span class='ocrx_word' id='word_1_159' title='bbox 1964 2975 2429 3061; x_wconf 83' lang='lat' dir='ltr'>invigilandum</span> <span class='ocrx_word' id='word_1_160' title='bbox 2465 2976 2703 3065; x_wconf 85' lang='lat' dir='ltr'>puellae</span> 
     </span>
     <span class='ocr_line' id='line_1_23' title="bbox 555 3087 2703 3176; baseline 0.001 -20"><span class='ocrx_word' id='word_1_161' title='bbox 555 3087 931 3176; x_wconf 83' lang='lat' dir='ltr'>conjugium</span> <span class='ocrx_word' id='word_1_162' title='bbox 970 3088 1400 3175; x_wconf 88' lang='lat' dir='ltr'>exspectanti,</span> <span class='ocrx_word' id='word_1_163' title='bbox 1464 3109 1585 3156; x_wconf 92' lang='lat' dir='ltr'>nec</span> <span class='ocrx_word' id='word_1_164' title='bbox 1636 3089 1822 3156; x_wconf 89' lang='lat' dir='ltr'>facile</span> <span class='ocrx_word' id='word_1_165' title='bbox 1872 3087 1930 3156; x_wconf 91' lang='lat' dir='ltr'>ei</span> <span class='ocrx_word' id='word_1_166' title='bbox 1982 3090 2462 3157; x_wconf 87' lang='lat' dir='ltr'>concedendam</span> <span class='ocrx_word' id='word_1_167' title='bbox 2499 3090 2703 3158; x_wconf 91' lang='lat' dir='ltr'>licen-</span> 
     </span>
     <span class='ocr_line' id='line_1_24' title="bbox 553 3202 2700 3293; baseline 0.001 -25"><span class='ocrx_word' id='word_1_168' title='bbox 553 3202 710 3269; x_wconf 90' lang='lat' dir='ltr'>tiam</span> <span class='ocrx_word' id='word_1_169' title='bbox 747 3203 919 3269; x_wconf 88' lang='lat' dir='ltr'>foras</span> <span class='ocrx_word' id='word_1_170' title='bbox 958 3202 1251 3270; x_wconf 85' lang='lat' dir='ltr'>exeundi.</span> <span class='ocrx_word' id='word_1_171' title='bbox 1298 3202 1587 3286; x_wconf 87' lang='lat' dir='ltr'>Etenim,</span> <span class='ocrx_word' id='word_1_172' title='bbox 1647 3225 1682 3270; x_wconf 94' lang='lat' dir='ltr'>e</span> <span class='ocrx_word' id='word_1_173' title='bbox 1720 3204 2004 3272; x_wconf 86' lang='lat' dir='ltr'>conclavi</span> <span class='ocrx_word' id='word_1_174' title='bbox 2056 3224 2315 3290; x_wconf 85' lang='lat' dir='ltr'>egressa</span> <span class='ocrx_word' id='word_1_175' title='bbox 2353 3203 2700 3293; x_wconf 89' lang='lat' dir='ltr'>paulisper</span> 
     </span>
     <span class='ocr_line' id='line_1_25' title="bbox 550 3316 2702 3407; baseline 0.001 -24"><span class='ocrx_word' id='word_1_176' title='bbox 550 3316 868 3403; x_wconf 83' lang='lat' dir='ltr'>Antigone</span> <span class='ocrx_word' id='word_1_177' title='bbox 928 3325 1000 3383; x_wconf 91' lang='lat' dir='ltr'>ut</span> <span class='ocrx_word' id='word_1_178' title='bbox 1059 3316 1329 3384; x_wconf 85' lang='lat' dir='ltr'>fratrem</span> <span class='ocrx_word' id='word_1_179' title='bbox 1376 3318 1726 3406; x_wconf 88' lang='lat' dir='ltr'>adspiciat,</span> <span class='ocrx_word' id='word_1_180' title='bbox 1771 3329 1987 3387; x_wconf 90' lang='lat' dir='ltr'>custos</span> <span class='ocrx_word' id='word_1_181' title='bbox 2025 3329 2343 3407; x_wconf 85' lang='lat' dir='ltr'>praecavet</span> <span class='ocrx_word' id='word_1_182' title='bbox 2406 3339 2489 3386; x_wconf 91' lang='lat' dir='ltr'>ne</span> <span class='ocrx_word' id='word_1_183' title='bbox 2549 3318 2702 3407; x_wconf 87' lang='lat' dir='ltr'>quis</span> 
     </span>
     <span class='ocr_line' id='line_1_26' title="bbox 551 3430 2694 3519; baseline 0.001 -21"><span class='ocrx_word' id='word_1_184' title='bbox 551 3431 716 3498; x_wconf 86' lang='lat' dir='ltr'>forte</span> <span class='ocrx_word' id='word_1_185' title='bbox 755 3430 823 3497; x_wconf 92' lang='lat' dir='ltr'>in</span> <span class='ocrx_word' id='word_1_186' title='bbox 857 3431 958 3498; x_wconf 91' lang='lat' dir='ltr'>via</span> <span class='ocrx_word' id='word_1_187' title='bbox 997 3443 1335 3519; x_wconf 88' lang='lat' dir='ltr'>appareat,</span> <span class='ocrx_word' id='word_1_188' title='bbox 1396 3454 1478 3500; x_wconf 92' lang='lat' dir='ltr'>ne</span> <span class='ocrx_word' id='word_1_189' title='bbox 1535 3433 1659 3500; x_wconf 89' lang='lat' dir='ltr'>sibi</span> <span class='ocrx_word' id='word_1_190' title='bbox 1715 3434 1829 3515; x_wconf 91' lang='lat' dir='ltr'>sit,</span> <span class='ocrx_word' id='word_1_191' title='bbox 1872 3443 1945 3501; x_wconf 89' lang='lat' dir='ltr'>ut</span> <span class='ocrx_word' id='word_1_192' title='bbox 1982 3454 2197 3516; x_wconf 89' lang='lat' dir='ltr'>servo,</span> <span class='ocrx_word' id='word_1_193' title='bbox 2255 3433 2648 3501; x_wconf 89' lang='lat' dir='ltr'>contumelia</span> <span class='ocrx_word' id='word_1_194' title='bbox 2676 3487 2694 3516; x_wconf 97' lang='lat'>,</span> 
     </span>
     <span class='ocr_line' id='line_1_27' title="bbox 553 3539 2691 3642; baseline 0.001 -32"><span class='ocrx_word' id='word_1_195' title='bbox 553 3545 744 3633; x_wconf 91' lang='lat' dir='ltr'>eique</span> <span class='ocrx_word' id='word_1_196' title='bbox 794 3539 1106 3633; x_wconf 77' lang='lat' dir='ltr'>tanq&#39;uam</span> <span class='ocrx_word' id='word_1_197' title='bbox 1155 3547 1398 3633; x_wconf 84' lang='lat' dir='ltr'>reginae</span> <span class='ocrx_word' id='word_1_198' title='bbox 1450 3546 1588 3635; x_wconf 71' lang='lat'>(2);</span> <span class='ocrx_word' id='word_1_199' title='bbox 1645 3568 1844 3635; x_wconf 91' lang='lat' dir='ltr'>quam</span> <span class='ocrx_word' id='word_1_200' title='bbox 1896 3569 2083 3642; x_wconf 84' lang='lat' dir='ltr'>mox,</span> <span class='ocrx_word' id='word_1_201' title='bbox 2135 3549 2384 3637; x_wconf 83' lang='lat' dir='ltr'>expleta</span> <span class='ocrx_word' id='word_1_202' title='bbox 2429 3547 2691 3615; x_wconf 90' lang='lat' dir='ltr'>videndi</span> 
     </span>
     <span class='ocr_line' id='line_1_28' title="bbox 551 3659 2692 3750; baseline 0.001 -23"><span class='ocrx_word' id='word_1_203' title='bbox 551 3659 892 3746; x_wconf 90' lang='lat' dir='ltr'>cupidine,</span> <span class='ocrx_word' id='word_1_204' title='bbox 951 3661 1217 3727; x_wconf 92' lang='lat' dir='ltr'>domum</span> <span class='ocrx_word' id='word_1_205' title='bbox 1266 3663 1627 3750; x_wconf 88' lang='lat' dir='ltr'>compellit,</span> <span class='ocrx_word' id='word_1_206' title='bbox 1689 3683 2010 3750; x_wconf 88' lang='lat' dir='ltr'>namque,</span> <span class='ocrx_word' id='word_1_207' title='bbox 2057 3686 2093 3729; x_wconf 69' lang='lat' dir='ltr'>&lt;z</span> <span class='ocrx_word' id='word_1_208' title='bbox 2153 3663 2511 3750; x_wconf 82' lang='lat' dir='ltr'>malignum</span> <span class='ocrx_word' id='word_1_209' title='bbox 2549 3681 2692 3729; x_wconf 91' lang='lat' dir='ltr'>mu-</span> 
     </span>
     <span class='ocr_line' id='line_1_29' title="bbox 549 3771 2698 3863; baseline 0.003 -27"><span class='ocrx_word' id='word_1_210' title='bbox 549 3771 752 3839; x_wconf 88' lang='lat' dir='ltr'>liebre</span> <span class='ocrx_word' id='word_1_211' title='bbox 791 3793 994 3860; x_wconf 83' lang='lat' dir='ltr'>genus</span> <span class='ocrx_word' id='word_1_212' title='bbox 1034 3783 1257 3842; x_wconf 86' lang='lat' dir='ltr'>natum</span> <span class='ocrx_word' id='word_1_213' title='bbox 1293 3785 1427 3857; x_wconf 90' lang='lat' dir='ltr'>est,</span> <span class='ocrx_word' id='word_1_214' title='bbox 1472 3775 1718 3863; x_wconf 84' lang='lat' dir='ltr'>inquit,</span> <span class='ocrx_word' id='word_1_215' title='bbox 1764 3786 1829 3843; x_wconf 91' lang='lat' dir='ltr'>et</span> <span class='ocrx_word' id='word_1_216' title='bbox 1868 3776 2129 3862; x_wconf 84' lang='lat' dir='ltr'>exiguas</span> <span class='ocrx_word' id='word_1_217' title='bbox 2158 3796 2383 3845; x_wconf 88' lang='lat' dir='ltr'>causas</span> <span class='ocrx_word' id='word_1_218' title='bbox 2424 3776 2477 3843; x_wconf 89' lang='lat' dir='ltr'>si</span> <span class='ocrx_word' id='word_1_219' title='bbox 2516 3795 2698 3843; x_wconf 89' lang='lat' dir='ltr'>acce·</span> 
     </span>
     <span class='ocr_line' id='line_1_30' title="bbox 550 3887 2697 3982; baseline 0.001 -26"><span class='ocrx_word' id='word_1_220' title='bbox 550 3887 768 3975; x_wconf 88' lang='lat' dir='ltr'>perint</span> <span class='ocrx_word' id='word_1_221' title='bbox 809 3890 1162 3972; x_wconf 82' lang='lat' dir='ltr'>sermoniS,</span> <span class='ocrx_word' id='word_1_222' title='bbox 1208 3891 1448 3958; x_wconf 89' lang='lat' dir='ltr'>addent</span> <span class='ocrx_word' id='word_1_223' title='bbox 1487 3891 1713 3978; x_wconf 90' lang='lat' dir='ltr'>plura,</span> <span class='ocrx_word' id='word_1_224' title='bbox 1771 3911 1975 3982; x_wconf 89' lang='lat' dir='ltr'>quum</span> <span class='ocrx_word' id='word_1_225' title='bbox 2004 3890 2375 3978; x_wconf 89' lang='lat' dir='ltr'>jucundum</span> <span class='ocrx_word' id='word_1_226' title='bbox 2415 3891 2697 3960; x_wconf 87' lang='lat' dir='ltr'>habeant</span> 
     </span>
    </p>
   </div>
   <div class='ocr_carea' id='block_1_3' title="bbox 620 4052 1302 4205">
    <p class='ocr_par' dir='ltr' id='par_1_4' title="bbox 620 4052 1302 4205">
     <span class='ocr_line' id='line_1_31' title="bbox 620 4052 1277 4118; baseline 0.003 -16"><span class='ocrx_word' id='word_1_227' title='bbox 620 4052 692 4116; x_wconf 82' lang='lat'>(1)</span> <span class='ocrx_word' id='word_1_228' title='bbox 724 4053 954 4117; x_wconf 86' lang='lat' dir='ltr'>Euripid.</span> <span class='ocrx_word' id='word_1_229' title='bbox 981 4054 1132 4118; x_wconf 89' lang='lat' dir='ltr'>Hipp.</span> <span class='ocrx_word' id='word_1_230' title='bbox 1165 4055 1277 4104; x_wconf 81' lang='lat'><strong>114.</strong></span> 
     </span>
     <span class='ocr_line' id='line_1_32' title="bbox 620 4141 1302 4205; baseline 0.003 -16"><span class='ocrx_word' id='word_1_231' title='bbox 620 4141 692 4203; x_wconf 80' lang='lat'>(2)</span> <span class='ocrx_word' id='word_1_232' title='bbox 728 4143 901 4205; x_wconf 87' lang='lat' dir='ltr'>Eurip.</span> <span class='ocrx_word' id='word_1_233' title='bbox 927 4144 1109 4193; x_wconf 91' lang='lat' dir='ltr'>Phoen.</span> <span class='ocrx_word' id='word_1_234' title='bbox 1141 4142 1302 4192; x_wconf 84' lang='lat'>88-95.</span> 
     </span>
    </p>
   </div>
   <div class='ocr_carea' id='block_1_4' title="bbox 3015 2648 3035 3881">
    <p class='ocr_par' dir='ltr' id='par_1_5' title="bbox 3015 2648 3035 3881">
     <span class='ocr_line' id='line_1_33' title="bbox 3015 2648 3035 3881; baseline 0 0"><span class='ocrx_word' id='word_1_235' title='bbox 3015 2648 3035 3881; x_wconf 95' lang='lat' dir='ltr'> </span> 
     </span>
    </p>
   </div>
  </div>
 </body>
</html>
