3064 4949
1269 461 1622 530 -31-

379 622 413 666 α
454 597 503 665 Ο
564 598 789 679 Parca,
847 599 1144 667 dolorum
1205 599 1480 685 genitrix
1527 600 1819 682 exitiosa,
1861 601 2093 670 umbra
2130 606 2500 672 veneranda

374 708 618 797 OEdipi,
663 730 817 778 sane
853 709 1297 799 potentissima
1335 731 1405 778 es
1446 711 1571 799 (1).
1619 734 1652 777 i>

463 824 649 892 Nunc
684 824 763 891 ad
802 826 1257 912 argumentum
1295 826 1623 893 notatione
1654 826 1927 895 maxime
1963 825 2235 914 dignum
2270 829 2498 897 decur-

346 938 614 1021 rimuS,
658 939 899 1028 quippe
940 939 1007 1007 in
1046 939 1469 1027 quaestionem
1507 940 1572 1008 id
1608 950 1998 1009 vocaverunt
2045 952 2284 1031 poetae,
2327 963 2502 1011 nunc

376 1063 647 1121 matrem
669 1106 686 1135 ,
730 1052 1106 1121 criminibus
1143 1054 1474 1138 obrutam,
1528 1054 1826 1143 vitiisque
1864 1056 2267 1144 inquinatam
2303 1057 2504 1145 pessi-

374 1167 497 1234 mis
546 1167 735 1236 liberi
782 1168 1057 1236 debeant
1104 1189 1326 1236 amore
1382 1178 1445 1236 et
1492 1169 1852 1236 reverentia
1911 1169 2105 1236 etiam
2165 1169 2496 1259 prosequi.

376 1282 506 1349 Nec
565 1281 1091 1349 contradixerunt
1145 1282 1478 1370 AEschylus
1536 1293 1600 1350 et
1645 1282 1985 1370 Euripides
2044 1282 2187 1370 qui,
2250 1284 2502 1353 Atrida·-

376 1415 522 1463 rum
585 1395 980 1463 calamitates
1039 1397 1191 1463 dum
1281 1407 1646 1465 memorant
1735 1395 2409 1486 Clytaemnestramque
2464 1420 2502 1467 a

374 1508 597 1576 liberis
662 1509 1080 1591 trucidatam,
1150 1510 1269 1577 hos
1332 1510 1615 1598 primum
1674 1509 1930 1597 fingunt
2000 1520 2148 1578 ante
2208 1510 2449 1578 caedem
2478 1561 2497 1592 ,

374 1622 755 1711 priusquam
790 1644 954 1712 opus
981 1624 1062 1690 ab
1089 1623 1384 1712 Apolline
1404 1624 1661 1712 jussum
1696 1623 2037 1711 incipiant,
2079 1623 2146 1690 in
2183 1623 2500 1691 diversam

375 1749 660 1804 mentem
708 1737 1070 1806 distractos
1118 1737 1394 1805 Invitant
1441 1738 1703 1807 oracula
1748 1737 1972 1804 Phoebi
2025 1736 2349 1824 occisique
2383 1754 2501 1826 pa-

375 1849 492 1917 tris
519 1851 858 1932 memoria,
891 1852 1318 1920 dehortantur
1342 1851 1724 1919 sanctissimi
1750 1851 1987 1918 amoris
2016 1850 2211 1937 legeS.
2235 1852 2501 1919 Matrem

377 1965 550 2033 enim
609 1965 893 2048 Electra,
958 1987 1163 2054 quum
1229 1966 1574 2054 sepulchro
1635 1964 2134 2051 Agamemnonis
2196 1965 2503 2034 libamina

374 2079 680 2166 imponit,
732 2089 1095 2162 cunctatur,
1151 2101 1233 2146 ne
1295 2080 1609 2147 habeatur
1668 2077 1898 2165 impia,
1954 2078 2500 2146 exsecrationibus

375 2191 635 2260 afficere
676 2192 774 2279 (2)
817 2215 832 2259 z
879 2192 1135 2260 Orestes
1174 2213 1469 2281 quoque,
1522 2192 1736 2279 gladio
1782 2213 1926 2259 eam
1978 2191 2397 2261 transfixurus
2438 2203 2503 2260 et

376 2305 592 2372 sinum
656 2306 725 2372 in
789 2327 917 2395 quo
979 2306 1353 2373 reconditus
1411 2306 1563 2388 fuit,
1642 2307 1974 2395 Pyladem,
2047 2306 2298 2374 incerto
2362 2305 2498 2393 jam

375 2420 674 2504 consilio,
739 2421 1111 2511 alloquitur,
1179 2442 1213 2488 «
1274 2441 1433 2490 num
1498 2418 1773 2491 matrem
1838 2422 1976 2510 ipse
2045 2419 2243 2488 ferire
2307 2419 2501 2488 susti·-

375 2545 525 2604 neat
564 2533 688 2624 (3).
738 2558 773 2602 i>
1426 2530 1430 2533 ⁴

464 2648 637 2730 Im0,
700 2648 769 2714 in
845 2648 1060 2715 fabula
1134 2647 1462 2735 Euripidis
1540 2656 1868 2735 spectatur
1933 2646 2188 2714 Orestes
2253 2647 2501 2735 majore
2594 2719 2600 2724 ,

375 2761 601 2841 etiam,
644 2783 779 2851 prae
815 2761 964 2829 facti
1003 2762 1429 2844 immanitate,
1459 2763 1731 2829 horrore
1774 2771 2146 2849 correptus,
2188 2761 2298 2849 qui
2337 2781 2502 2849 opus

374 2885 742 2964 respueret,
787 2876 853 2944 ni
893 2897 930 2943 a
967 2897 1222 2959 sorore,
1270 2897 1416 2964 quae
1455 2875 1577 2944 sibi
1617 2887 1927 2965 tanquam
1970 2896 2225 2944 sacrum
2264 2897 2502 2945 munus

373 2990 667 3058 vindictae
702 3000 920 3077 partes
959 2990 1285 3073 attribuit,
1328 2991 1410 3057 ad
1447 2992 1771 3075 agendum
1810 2990 2210 3059 incitaretur.
2259 3013 2293 3057 c
2329 2991 2503 3058 Reus
2572 3077 2579 3082 ·

371 3102 705 3192 parricidii
734 3102 872 3190 jam
911 3103 1154 3185 videor,
1189 3103 1437 3191 inquit,
1468 3104 1581 3191 qui
1610 3103 1765 3171 olim
1793 3124 1996 3193 purus
2026 3104 2140 3171 fui.
2178 3124 2211 3169 ))
2245 3105 2323 3171 At
2346 3102 2495 3171 illa:

379 3239 414 3283 «
453 3216 709 3284 Patrem
747 3215 803 3284 si
852 3235 984 3283 non
1045 3214 1446 3297 ulscisceris,
1500 3215 1743 3303 impius
1804 3217 1954 3283 eris,
2005 3256 2092 3266 --
2127 3217 2261 3304 Ego
2300 3238 2496 3299 ver0,

375 3341 582 3400 matre
620 3332 867 3428 occisa,
923 3329 1121 3418 hujus
1169 3329 1365 3397 caedis
1422 3330 1587 3397 dabo
1632 3351 1879 3418 poenas,
1906 3353 1956 3396 a>
2011 3332 2291 3399 Tandem
2330 3332 2500 3399 haud

375 3453 603 3532 sponte
653 3465 795 3512 rem
838 3444 1187 3533 incipienS,
1249 3445 1388 3512 haec
1432 3444 1629 3512 verba
1679 3444 1974 3531 profatur
2024 3444 2259 3532 quibus
2305 3464 2501 3532 quam

374 3577 548 3645 aegre
594 3558 903 3647 suscipiat
947 3559 1240 3627 laborem
1277 3558 1428 3626 satis
1465 3556 1879 3628 manifestum
1925 3566 2022 3625 est
2064 3578 2078 3622 :
2136 3580 2170 3625 «
2212 3558 2495 3639 IntrabO,

436 3723 509 3787 (1)
553 3724 629 3775 Ὶὼ
656 3729 848 3791 Μόῖρα,
879 3727 1202 3792 βαρυδότειρα
1227 3728 1436 3790 μογερὰ,

528 3814 704 3864 πότνιά
723 3817 764 3864 τ’
795 3815 1003 3865 Οἰδίπου
1027 3816 1165 3874 σκιὰ,

621 3902 803 3964 μὲλαιν’
828 3901 1054 3967 Ἐρινὺς,
1077 3903 1109 3963 ἦ
1138 3902 1431 3965 μεγασθενής
1453 3918 1525 3957 τις
1546 3901 1607 3955 εἶ.
1645 3900 1868 3963 AEschyl.
1900 3899 2039 3967 Sept.
2071 3899 2135 3949 A..
2158 3898 2320 3948 Theb.
2347 3898 2459 3949 975.

438 3986 511 4050 (2)
542 3988 766 4051 AEschyl.
793 3988 987 4051 Choep.
1018 3987 1128 4037 122.

443 4072 516 4137 (3)
548 4073 678 4125 Ibid.
706 4073 818 4125 896.
