3064 4949
1458 436 1825 506 :448-

584 582 788 662 Quem
826 580 1161 677 audientes
1199 601 1239 649 a
1274 579 1546 649 consilio
1586 581 2033 664 dehortantur,
2074 600 2278 671 quum
2315 582 2515 672 impia
2569 585 2706 652 col-

580 697 843 766 luctatio
882 695 1199 779 videatur,
1243 715 1524 783 namque
1545 719 1561 778 3
1602 719 1636 763 <t
1668 696 1845 779 Noli,
1878 717 1918 764 o
1957 696 2329 780 carissime,
2370 696 2702 787 inquiunt,

583 811 989 879 committere
1053 819 1127 877 ut
1175 809 1264 877 sis
1330 809 1558 877 similis
1607 810 1725 878 viri
1782 811 2158 900 turpissima
2209 813 2620 881 vociferantis
2684 836 2699 881 z

580 925 871 993 Cadmeis
934 924 1179 993 civibus
1240 945 1390 993 cum
1442 924 1692 1012 Argivis
1742 934 1895 993 sunt
1952 947 2182 994 manus
2234 931 2699 1012 conserendae3

577 1062 730 1109 nam
793 1039 1152 1128 legitimum
1209 1040 1332 1107 hoc
1387 1039 1725 1128 praelium,
1789 1041 2313 1130 propinquorum
2372 1054 2589 1111 autem
2647 1044 2704 1111 si

577 1157 763 1225 fieret
794 1157 1036 1238 caedeS,
1081 1153 1344 1222 sceleris
1381 1155 1635 1222 macula
1683 1155 1861 1221 nulla
1911 1164 2098 1224 aetate
2147 1157 2475 1225 deleretur
2498 1157 2620 1248 (1).
2662 1180 2698 1223 ›>

579 1267 752 1351 Imo,
794 1268 1037 1336 omisso
1089 1269 1228 1336 fere
1277 1267 1490 1336 studio
1544 1268 1614 1336 in
1660 1268 1975 1357 patriam,
2031 1280 2104 1338 ut
2148 1271 2229 1337 ad
2279 1271 2701 1340 domesticam

573 1382 879 1471 injuriam
940 1392 1273 1472 spectent;
1324 1382 1597 1466 instant,
1649 1383 1996 1471 pessimam
2047 1395 2329 1472 arguunt
2377 1387 2700 1475 cupidita-

573 1508 705 1566 tem
725 1552 742 1582 ,
809 1508 1143 1566 auctorem
1203 1497 1505 1569 odiorum
1564 1518 1578 1563 :
1644 1497 1882 1586 quibus
1945 1499 2035 1566 nil
2102 1499 2274 1567 aliud
2346 1503 2699 1590 respondet

573 1612 898 1696 EteocleS,
939 1613 1102 1696 nisi,
1151 1635 1185 1679 ι(
1226 1612 1384 1697 Iste,
1428 1612 1552 1680 diis
1583 1610 1993 1701 juvantibus,
2050 1634 2275 1681 necem
2324 1635 2458 1683 non
2508 1616 2695 1684 aufu-

571 1728 726 1815 giet.
770 1749 806 1794 1)
848 1729 1072 1815 Itaque
1131 1736 1398 1814 stupens
1449 1726 1728 1809 chorus,
1791 1749 1827 1793 (ι
1877 1727 2114 1795 horror
2149 1728 2323 1796 subit
2367 1729 2688 1813 animum,

571 1845 912 1925 exclamat,
964 1863 1047 1910 ne
1106 1842 1224 1910 hos
1282 1841 1603 1911 discordia
1654 1842 1981 1930 perditum
2043 1853 2145 1911 eat
2199 1843 2436 1931 quibus
2487 1846 2689 1928 mala,

567 1958 666 2027 ira
728 1958 1067 2039 incensuS,
1140 1955 1406 2044 OEdipus
1468 1954 1863 2044 imprecatus
1937 1967 2055 2025 est.
2137 1957 2316 2028 Heu!
2394 1959 2563 2027 vovit
2619 1970 2696 2027 ut

567 2082 816 2142 armata
850 2082 1048 2140 manu
1086 2093 1242 2161 opes
1278 2071 1626 2159 aliquando
1667 2072 2026 2140 dividerent
2065 2072 2191 2162 (2).
2228 2094 2263 2139 1)

653 2187 928 2255 Eosdem
969 2185 1345 2275 EuripideS,
1388 2205 1517 2274 quo
1569 2185 1827 2274 planius
1867 2186 2190 2273 significet
2226 2207 2421 2275 quam
2457 2208 2690 2276 parum

565 2303 646 2371 sit
681 2302 995 2391 placabile
1038 2300 1399 2369 istiusmodi
1451 2300 1708 2384 odium,
1752 2322 1971 2369 coram
2025 2312 2265 2384 matre,
2308 2303 2687 2391 priusquam

563 2430 894 2489 certamen
953 2418 1209 2502 ineant,
1287 2416 1585 2500 adducit,
1655 2438 1801 2506 quae
1863 2416 2025 2486 nihil
2089 2416 2421 2507 antiquius
2496 2418 2690 2487 habet

564 2556 759 2623 quam
810 2545 883 2601 ut
931 2544 1181 2602 mentes
1227 2531 1656 2600 inflammatas
1708 2532 2088 2620 restinguat.
2147 2532 2281 2600 Etsi
2343 2553 2453 2601 eos
2502 2533 2684 2601 beni—

561 2649 871 2737 gnissime
922 2648 1295 2736 alloquitur,
1355 2646 1719 2734 rogitatque
1783 2657 1857 2713 ut
1912 2656 2158 2735 ponant
2203 2646 2570 2715 inimicitias
2621 2657 2687 2716 et

562 2763 719 2847 sibi,
763 2769 827 2831 et
862 2762 1087 2845 matri,
1152 2772 1215 2829 et
1272 2760 1516 2829 civibus
1572 2759 1870 2829 exitiosas
1894 2782 1913 2843 ;
1980 2760 2084 2827 his
2144 2759 2479 2849 precibuS,
2536 2757 2684 2826 licet

560 2899 704 2947 eam
755 2877 1023 2966 diligant
1065 2897 1139 2944 ac
1181 2885 1621 2958 revereantur,
1672 2895 1805 2943 non
1857 2876 2163 2943 sedantur
2205 2896 2219 2940 z
2272 2874 2436 2957 imo,
2477 2872 2680 2940 inviso

558 3002 906 3082 conspectu
945 2993 1023 3060 ad
1062 2992 1225 3059 iram
1263 2990 1579 3080 permoti,
1624 2990 1868 3058 mutuis
1909 2988 2317 3059 contumeliis
2347 3009 2488 3056 sese
2524 3008 2678 3056 one-

556 3119 738 3191 rant,
783 3127 987 3197 quum
1024 3106 1350 3188 Eteocles,
1396 3128 1431 3172 c<
1463 3106 1558 3173 Tu
1573 3123 1598 3189 ',
1643 3105 2005 3195 PolyniceS,
2038 3105 2173 3188 exi,
2220 3104 2553 3186 exclamet,
2582 3104 2682 3170 fer

554 3223 790 3310 pedem
814 3232 991 3291 extra
1013 3221 1276 3303 moenia,
1299 3231 1408 3288 aut
1429 3219 1753 3289 morieris.
1777 3242 1813 3287 1)
1832 3219 1947 3289 Cui
1973 3219 2196 3302 frater,
2230 3241 2264 3285 <t
2286 3218 2408 3286 Per
2440 3236 2634 3306 quem
2650 3218 2682 3284 ‘2

613 3433 687 3496 (1)
706 3432 919 3499 Ἀνδροῖν
943 3433 983 3481 δ’
1009 3432 1241 3494 ὁμαίμοιν
1265 3431 1472 3488 θάνατος
1501 3426 1583 3480 ὧδ’
1617 3431 1906 3489 αὐτοκτόνος
1923 3469 1939 3494 ,,

707 3522 798 3573 οὐκ
822 3522 925 3571 ἐστι
947 3527 1096 3585 γῆρας
1117 3521 1260 3569 τοῦδε
1281 3526 1368 3570 τοῦ
1394 3519 1726 3581 μιάσματος...
1762 3519 1988 3582 AEschyl.
2012 3518 2153 3582 Sept.
2179 3533 2226 3567 a.
2252 3517 2412 3568 Theb.
2438 3516 2550 3566 677.

612 3609 685 3670 (2)
705 3610 932 3660 Τέκνοισι
953 3609 994 3657 δ’
1019 3609 1138 3674 ἀρὰς

704 3698 877 3761 ἐφῆκεν
891 3736 903 3758 ,
928 3696 1184 3751 ἐπικότους
1204 3697 1381 3761 τροφὰς
1395 3733 1408 3756 ,

704 3787 836 3845 αἰαῖ,
861 3785 1289 3849 πικρονγλώσσους
1314 3786 1435 3847 ἀρὰς
1453 3821 1465 3844 ,

700 3874 786 3922 καί
812 3890 901 3937 σφε
930 3874 1237 3938 σιδαρονόμῳ

701 3961 783 4010 δία
803 3962 908 4027 χερὶ
931 3961 1051 4011 ποτὲ
1073 3963 1242 4025 λαχεῖν

697 4049 921 4112 κτήματα
1004 4046 1133 4097 lbid.
1162 4045 1273 4096 785.
