3064 4949
1184 484 1189 487 Ἴ
1257 495 1342 506 --
1386 456 1472 525 33
1519 493 1607 504 —
1631 452 1654 465 ⁹

368 600 694 667 nolentem
732 599 801 666 in
836 601 1105 667 fratrem
1142 620 1306 668 saeva
1341 599 1687 667 immisisti.
1734 622 1767 666 »
1812 598 1927 666 Illa
1965 620 2151 682 vero,
2194 621 2230 666 «
2270 621 2389 688 ego
2428 608 2488 666 te

368 715 706 782 adhortata
757 735 936 798 sum,
989 715 1235 803 inquit,
1283 735 1543 803 unaque
1596 715 1808 802 gladio
1865 715 2189 803 percussi,
2244 716 2490 784 facinus

368 849 525 896 ausa
575 830 1070 897 atrocissimum.
1119 852 1153 895 »
1218 829 1406 914 Dein,
1471 831 1661 901 ambo
1682 883 1698 913 ,
1758 830 2035 898 redivivo
2091 830 2159 898 in
2218 840 2492 899 matrem

370 964 624 1027 amore,
691 945 1008 1012 defunctae
1056 965 1303 1034 corpus·
1340 945 1531 1034 peplo
1592 954 1846 1033 tegunt,
1904 956 2301 1035 componunt
2358 946 2491 1015 vul-

370 1079 558 1141 nera,
604 1070 1008 1155 'summoque
1070 1060 1292 1127 dolore
1357 1059 1425 1125 in
1487 1079 1629 1138 eam
1691 1059 2055 1143 intuenteS,
2100 1082 2137 1128 (ε
2176 1083 2331 1150 ergo
2378 1061 2494 1129 tibi

367 1173 849 1256 interfectoreS,
903 1174 1287 1256 exclamant,
1338 1173 1681 1261 peperisti,
1736 1184 1967 1243 mater.
2018 1198 2053 1242 »
2103 1177 2387 1243 Tandem
2426 1197 2494 1244 se

367 1287 668 1356 omnibus
706 1289 845 1356 fore
885 1287 1155 1370 invisos,
1198 1288 1280 1354 ob
1320 1279 1566 1356 caedem
1602 1289 1947 1372 nefariam,
1989 1289 2386 1378 intelligunt;
2432 1301 2496 1358 et

367 1402 655 1485 OresteS,
711 1423 747 1469 <t
788 1423 981 1491 quam
1029 1402 1227 1490 igitur
1277 1403 1347 1470 in
1401 1403 1629 1471 urbem
1678 1424 1783 1472 me
1823 1406 2149 1473 conferam
2171 1459 2188 1488 ,
2241 1405 2489 1494 inquit,
2533 1448 2534 1451 =

368 1516 517 1605 quis
570 1518 844 1605 hospeS,
902 1516 1047 1605 quis
1110 1517 1258 1605 pius
1318 1538 1539 1586 meum
1584 1519 1829 1586 vultum
1881 1518 2232 1607 adspiciet,
2291 1539 2494 1607 quum

367 1641 659 1700 matrem
682 1632 1068 1700 necaverim.
1107 1654 1140 1697 ))
1172 1615 1251 1699 At
1286 1632 1537 1701 Electra
1569 1654 1583 1699 :
1623 1656 1657 1701 c<
1690 1634 1849 1702 Heu‘
1871 1633 2064 1702 mihi!
2110 1655 2240 1722 quo
2277 1643 2493 1702 autem

369 1767 525 1835 ege,
586 1767 781 1836 quam
837 1747 904 1814 in
950 1747 1290 1829 choream,
1349 1767 1509 1835 quas
1564 1747 1642 1814 ad
1696 1747 1952 1836 nuptias
2006 1748 2160 1815 ibo?
2213 1748 2360 1836 quis
2399 1748 2495 1816 vir

369 1883 475 1930 me
523 1862 588 1929 in
635 1862 1041 1952 conjugalem
1088 1871 1306 1930 torum
1362 1862 1682 1950 recipiet?
1734 1862 1855 1951 (1).
1916 1885 1950 1928 ³>
2016 1863 2306 1947 Etenim,
2363 1884 2494 1931 non

358 1977 573 2071 smulto
625 1987 801 2066 post,
854 1977 934 2061 ab
980 1976 1260 2064 Argivis,
1324 1976 1407 2044 ob
1453 1977 1575 2044 hoc
1623 1976 1863 2060 scelus,
1918 1978 2130 2066 capite
2170 1978 2488 2069 damnati,

370 2091 659 2179 quamvis
710 2101 1026 2159 conentur
1087 2090 1477 2180 supplicium
1538 2090 1769 2174 vitare,
1832 2113 1901 2159 se
1966 2102 2182 2160 tamen
2245 2102 2495 2161 secreta

371 2205 794 2274 aestimatione
842 2207 1015 2274 haud
1072 2206 1398 2274 immerita
1430 2206 1608 2275 affici
1661 2227 1853 2293 poena
1893 2217 2230 2295 reputant,
2291 2229 2494 2296 quum

367 2319 622 2388 Orestes
660 2322 774 2388 has
811 2320 949 2409 ipse
988 2321 1239 2389 emittat
1271 2341 1458 2395 voces
1495 2342 1508 2386 ε
1559 2343 1593 2387 «
1635 2321 1888 2388 Patrem
1925 2342 2145 2388 meum
2182 2321 2488 2404 arbitror,

368 2432 424 2500 si
467 2434 681 2523 palam
726 2434 945 2524 ipsum
988 2434 1587 2523 interrogavissem,
1641 2455 1798 2503 num
1847 2435 2004 2503 mihi
2050 2435 2494 2505 interficienda

367 2560 539 2617 esset
573 2559 802 2634 mater,
838 2551 1250 2619 vehementer
1284 2571 1366 2618 ne
1403 2550 1786 2639 genitricem
1814 2551 2184 2640 jugularem
2219 2553 2494 2621 obtesta-

370 2675 590 2732 turum
632 2665 831 2733 fuisse
872 2664 993 2754 (2).
1040 2686 1075 2732 i>

455 2780 605 2847 Haec
643 2788 1022 2866 argumenta
1059 2779 1752 2868 sapientissimochori
1760 2779 2006 2868 judicio
2044 2788 2218 2848 recte
2259 2778 2491 2847 confir-

363 2902 627 2960 mantur
667 2893 880 2984 (cujus
917 2915 993 2961 ex
1029 2915 1142 2962 ore
1176 2895 1511 2984 propriam
1549 2896 1842 2984 proferre
1882 2895 2270 2963 sententiam
2309 2914 2493 2962 men-

364 3016 624 3096 temque
675 3008 993 3096 explicare
1038 3010 1424 3097 plerumque
1468 3019 1677 3097 poetae
1730 3008 1963 3097 solent)
1984 3032 2001 3092 ;
2060 3008 2207 3096 qui,
2261 3008 2329 3075 in
2374 3008 2494 3075 hac

302 3137 307 3141 ·
363 3133 589 3205 causa,
656 3124 718 3190 id
782 3117 1146 3212 profitetur,
1212 3124 1487 3207 scilicet,
1555 3147 1590 3192 ε(
1646 3125 1991 3191 honestum
2044 3124 2217 3211 quod
2266 3133 2496 3191 vocant

365 3238 813 3327 turpissimum
866 3249 997 3321 est3
1062 3249 1310 3306 armata
1356 3259 1587 3307 necare
1636 3259 1833 3306 manu
1883 3246 2182 3327 parentes
2235 3248 2333 3306 est
2376 3237 2494 3304 im-

360 3354 570 3442 pietas
630 3363 695 3421 et
758 3354 1085 3422 dementia
1149 3362 1214 3422 et
1261 3353 1852 3441 perditissimorum
1913 3352 2253 3421 hominum
2313 3373 2493 3420 vesa-

359 3468 472 3535 nia
511 3467 633 3557 (3).
683 3490 717 3533 »
781 3468 990 3548 Quare
1040 3478 1357 3557 perpetua
1402 3468 1665 3536 infamia
1701 3477 2009 3537 notantur
2046 3468 2271 3551 liberi,
2331 3467 2483 3555 qui,

423 3626 496 3689 (1)
524 3625 700 3689 Eurip.
730 3626 890 3675 Elect.
923 3624 1221 3675 1194-1226.

421 3712 499 3775 (2)
528 3713 759 3777 Euripid.
787 3713 959 3764 Orest.
985 3712 1098 3762 288.

424 3801 500 3863 (3)
529 3804 599 3851 Τὸ
625 3803 773 3852 καλὸν
798 3804 855 3852 οὐ
877 3804 1027 3851 καλὸν
1043 3839 1056 3862 ,
1081 3802 1266 3851 τοκέων

529 3894 776 3955 πυριγενεῖ
796 3890 986 3953 τέμνειν
1007 3871 1216 3954 παλᾶμᾳ
1288 3901 1295 3906 “

526 3978 649 4042 χρόα
679 4016 690 4027 .
718 4016 730 4028 .
763 4016 774 4028 .
809 4016 819 4027 .
852 3978 1057 4028 ἆσέὸεια
1088 3977 1304 4040 μαινολὶς

526 4067 837 4131 κακοφρόνων
861 4066 902 4115 τ’
929 4066 1113 4130 ἀνδρῶν
1135 4063 1383 4130 παράνοια
1447 4061 1622 4123 Eurip.
1646 4060 1813 4110 Orest.
1848 4059 1959 4113 819.
