3064 4949
1491 479 1800 550 ...0-

588 623 928 710 cultusque
999 623 1390 691 domesticus
1465 623 1848 705 decedebat,
1927 622 2099 709 quod
2182 619 2419 688 civitati
2510 621 2701 688 etiam

547 737 951 804 'luctuosum
986 736 1321 804 videbatur
1345 736 1472 826 (1).
1515 738 1696 816 Quod
1731 756 1814 804 ne
1847 737 2033 804 fieret
2066 737 2166 805 lex
2199 735 2376 803 vario
2414 735 2702 803 remedio

585 851 906 939 praecavit‚
949 851 1293 940 adoptione
1332 851 1604 934 scilicet,
1645 873 1772 940 qua
1810 852 1891 919 ob
1930 852 2027 934 id,
2068 852 2258 939 longe
2295 849 2700 939 frequentius

586 965 687 1033 usi
724 973 874 1032 sunt
913 965 1337 1033 Athenienses
1392 983 1587 1054 quam
1653 952 2044 1034 recentiores
2099 965 2325 1054 populi
2364 964 2459 1053 (2)
2491 987 2508 1047 ;
2548 985 2699 1053 pro·

584 1080 795 1148 visum
847 1100 1107 1167 quoque
1154 1080 1571 1148 matrimonio
1618 1079 1901 1147 defuncti
1939 1079 2089 1148 filiae
2127 1100 2276 1149 cum
2313 1099 2445 1146 uno
2482 1083 2524 1146 e'
2555 1099 2701 1166 pro-

583 1193 879 1283 pinquis,
924 1215 999 1263 ex
1036 1193 1270 1282 quihus
1309 1206 1488 1262 ortus
1526 1216 1693 1285 puer
1735 1195 1834 1262 avi
1871 1193 2043 1280 filius
2096 1202 2160 1261 et
2206 1193 2415 1261 haeres
2450 1214 2700 1261 nuncu-

585 1310 884 1398 pabatur,
942 1330 1026 1378 ne
1078 1331 1278 1378 vacua
1327 1312 1559 1378 domus
1608 1318 1975 1380 remaneret
2013 1309 2136 1398 (3).
2181 1310 2438 1400 Itaque,
2481 1309 2547 1376 in
2580 1309 2703 1377 hac

583 1420 800 1488 fabula
818 1474 835 1504 ‚
880 1422 1115 1489 chorus
1151 1422 1531 1514 mortalibus
1571 1432 1820 1491 certum
1859 1421 2177 1490 felicitatis
2213 1420 2702 1488 fundamentum

584 1535 781 1602 habet
814 1535 1102 1602 inclitam
1138 1536 1516 1625 progeniem
1537 1589 1554 1619 ‚
1598 1536 1848 1604 divitias
1903 1557 1939 1603 a
1986 1534 2366 1623 parentibus
2403 1544 2700 1624 exceptu-

584 1669 727 1716 ram
763 1649 902 1717 aliis
935 1650 1158 1718 liberis
1198 1651 1564 1719 tradendas.
1610 1652 1790 1719 Hanc
1838 1637 1994 1719 dicit
2042 1651 2110 1717 in
2162 1649 2444 1719 adversis
2481 1650 2703 1738 praesi-

586 1762 803 1845 dium,
861 1763 929 1830 in
966 1765 1296 1854 prosperis
1326 1765 1838 1853 jucunditatem,
1889 1764 1955 1832 in
1994 1765 2179 1833 bellis
2217 1764 2445 1853 patriae
2480 1764 2702 1831 firma-

560 1880 878 1953 mentum
912 1897 926 1941 :
963 1875 1095 1943 imo
1134 1870 1446 1943 exclamat
1476 1898 1489 1943 :
1542 1900 1576 1944 «
1606 1877 1758 1944 Mihi
1798 1877 2059 1965 quidem
2097 1887 2161 1963 et
2195 1897 2330 1966 prae
2371 1877 2603 1945 divitiis
2640 1888 2705 1946 et

584 1988 779 2076 regiis
842 1989 1088 2057 aedibus
1150 1990 1346 2057 fuerit
1408 1991 1612 2058 honos
1674 1990 1915 2059 liberos
1982 1992 2257 2060 educare
2311 2012 2324 2057 ε
2385 1990 2493 2058 odi
2550 2013 2702 2059 vero

585 2105 813 2172 orbam
849 2103 1076 2188 vitam,
1130 2113 1229 2187 et,
1286 2105 1339 2173 si
1389 2106 1494 2173 cui
1545 2107 1792 2194 placet,
1850 2107 2025 2175 hunc
2060 2107 2513 2195 reprehendo;
2555 2128 2704 2174 cum

583 2218 1016 2286 mediocribus
1054 2230 1270 2287 autem
1304 2221 1716 2289 facultatibus
1754 2221 1943 2289 vitam
1976 2223 2157 2310 prole
2187 2231 2481 2289 ornatam
2506 2204 2706 2289 liben-

588 2343 684 2401 ter
722 2335 1074 2422 amplectar
1112 2334 1235 2423 (4).
1285 2356 1318 2401 »

670 2447 896 2537 Igitur,
932 2469 1134 2538 quum
1162 2450 1324 2517 tanti
1363 2449 1555 2539 pretii
1592 2449 1780 2519 liberi
1822 2449 1970 2534 sint,
2002 2450 2405 2540 maximaque
2436 2451 2705 2520 deorum

584 2561 897 2630 beneficia
938 2583 976 2630 a
1010 2564 1215 2652 poetis
1254 2564 1717 2647 existimentur,
1754 2585 1864 2632 eos
1904 2585 2158 2631 summo
2188 2585 2406 2633 amore
2444 2565 2708 2653 diligant

587 2688 929 2765 parenteS,
974 2698 1228 2746 summo
1274 2679 1485 2747 studio
1521 2689 2020 2768 prosequantur.
2080 2680 2338 2767 Itaque,
2381 2680 2600 2748 multis
2637 2681 2706 2747 in

582 2791 849 2874 fabuliS,
906 2793 1266 2862 ostenditur
1314 2794 1670 2861 liberorum
1722 2794 1952 2862 caritas
2003 2794 2207 2862 virtus
2252 2816 2390 2863 esse
2443 2795 2706 2862 omnino

583 2906 1157 2991 commendabilis,
1238 2930 1367 2996 qua
1448 2908 1860 2997 potissimum
1935 2910 2361 2997 spectantium
2442 2910 2709 2977 affectus

583 3030 1110 3088 commoveantur
1145 3043 1158 3087 :
1202 3042 1322 3090 nec
1359 3021 1697 3089 meliorem
1734 3021 2051 3089 rationem
2086 3022 2329 3089 invenit
2365 3020 2710 3109 Sophocles

583 3132 663 3216 ad
706 3132 1139 3201 conciliandos
1180 3134 1431 3202 animos
1461 3134 1666 3223 Ajaci,
1694 3134 1966 3222 jamjam
2002 3135 2124 3202 sihi
2160 3145 2438 3202 mortem
2468 3134 2713 3220 consci-

583 3256 988 3334 turo,·quam
1026 3256 1098 3314 ut
1132 3247 1319 3337 hunc*
1345 3248 1769 3316 fortissimum
1808 3251 2185 3317 bellatorem
2216 3256 2714 3338 repraesentaret

643 3438 717 3502 (1)
749 3439 949 3488 Perrot.
976 3428 1327 3503 L’Eloquence
1357 3439 1385 3490 a
1415 3440 1661 3504 AtheneS,
1693 3440 1763 3490 1‘·
1789 3440 1972 3506 partie,
2001 3455 2051 3504 p.
2082 3440 2192 3491 362.

641 3525 717 3589 (Ξ)
748 3527 972 3578 Robiou.
1003 3527 1149 3577 Droit
1174 3527 1405 3591 Attique,
1437 3544 1487 3592 p.
1518 3527 1600 3577 59.

644 3614 719 3679 (3)
750 3616 1044 3688 Caillemer,
1077 3615 1315 3666 success,
1348 3616 1379 3665 a
1403 3616 1655 3679 AtheneS,
1687 3630 1737 3679 p.
1766 3614 1846 3665 43.

645 3730 718 3791 (4)
752 3733 849 3780 Τὸν
880 3731 1067 3779 ἄπαιδα
1092 3731 1401 3794 δ’ἀποστυγῶ

741 3819 866 3881 βίον,
901 3812 938 3881 ᾧ
963 3835 1016 3867 τε
1044 3819 1205 3879 δοκεῖ,
1237 3820 1390 3881 ψέγω·

743 3908 862 3969 μετὰ
887 3907 939 3955 δὲ
969 3906 1180 3956 κτεάνων
1213 3907 1420 3971 μετρίων
1449 3909 1613 3963 διοτᾶς
1699 3947 1702 3950 ,

864 3995 1092 4052 εὔπαιδος
1124 3995 1349 4058 ἐχοίμαν.

1137 4079 1313 4143 Eurip.
1340 4080 1434 4130 Ion
1450 4118 1464 4143 ,
1492 4078 1604 4130 475.
