3064 4949
1295 482 1649 552 -19-

1092 778 1342 852 CAPUT
1389 778 1835 852 SECUNDUM.
1887 874 1896 883 l

523 995 820 1056 QUOMODO
868 992 1138 1046 LIBEROS
1183 992 1251 1044 IN
1301 992 1623 1044 PARENTES
1671 992 1931 1043 OFFICIA
1979 989 2403 1045 EDOGUERIN'I'.

501 1193 538 1239 σε
586 1171 756 1258 Erga
819 1180 1121 1259 parentes
1185 1170 1549 1237 reverentia
1619 1171 1884 1238 tertium
1961 1179 2056 1238 est
2130 1180 2535 1260 praeceptum

411 1286 586 1372 quod
629 1306 667 1352 a
702 1285 960 1352 Justitia
993 1285 1362 1352 veneranda
1399 1284 1851 1372 praescriptum
1893 1292 1989 1351 est
2024 1284 2130 1370 (1).
2187 1305 2223 1351 >>

499 1398 654 1467 Haec
708 1398 902 1465 verba
959 1398 1335 1483 gravissima
1395 1397 1749 1464 enuntiavit
1803 1397 2166 1485 AEschylus',
2233 1397 2344 1487 qui
2407 1417 2539 1465 una

413 1533 563 1581 cum
599 1511 911 1601 Sophocle
955 1522 1020 1579 et
1062 1513 1370 1600 Euripide
1403 1512 1761 1580 liberorum
1802 1511 1869 1578 in
1909 1522 2209 1599 parentes
2246 1532 2539 1580 amorem

414 1637 606 1714 atque
645 1625 1116 1693 observantiam
1155 1625 1425 1693 summis
1463 1625 1685 1692 extulit
1719 1625 2045 1707 laudibuS‚
2076 1624 2541 1693 acerbissimis-

415 1760 542 1829 que
580 1740 879 1808 conviciis
913 1740 1148 1808 horum
1187 1739 1553 1808 officiorum
1582 1720 2090 1827 contemptoreS,
2119 1740 2239 1807 diis
2265 1738 2542 1807 homini-

415 1855 665 1943 busque
689 1855 950 1937 invisoS,
974 1863 1377 1922 consectatus
1400 1865 1517 1921 est.
1545 1854 1750 1933 Quam
1770 1854 1944 1920 enim
1970 1854 2205 1921 miram
2230 1854 2541 1943 pietatem

413 1968 482 2036 in
530 1989 757 2037 eorum
804 1969 1037 2036 fabulis
1083 1969 1294 2035 induit
1336 1968 1688 2054 Antigone,
1742 1969 1833 2035 ita
1887 1977 1957 2035 ut
2003 1988 2145 2035 eam
2189 1989 2308 2035 nos
2350 1969 2541 2036 etiam

416 2081 761 2167 diligamus
799 2102 1283 2169 perennemque
1333 2083 1502 2170 apud
1541 2093 1834 2170 posteros
1894 2083 2162 2169 gloriam
2224 2083 2535 2151 obtineat.

416 2196 1021 2284 Namque‚'quum,
1069 2196 1266 2282 regiis
1304 2196 1370 2261 in
1405 2196 1686 2279 aedibus,
1728 2197 1858 2263 vita
1903 2197 2089 2264 beata
2140 2197 2270 2263 frui
2325 2208 2543 2284 posset

418 2322 802 2399 aetatemque
841 2311 1076 2398 degere
1114 2309 1670 2394 florentissimam,
1714 2311 1930 2399 potius
1976 2310 2200 2378 habuit
2242 2311 2540 2378 miserri-

418 2445 593 2492 mam
647 2444 795 2492 cum
855 2424 1131 2513 profugo
1193 2434 1379 2513 patre
1440 2425 1765 2491 fortunam
1834 2424 2108 2512 experiri
2172 2445 2185 2492 :
2252 2445 2445 2512 quam
2506 2446 2543 2494 a

418 2538 753 2627 proposito
792 2548 856 2606 et
892 2537 1088 2619 Cre0,
1137 2537 1322 2626 cujus
1363 2538 1569 2605 filium
1608 2538 1677 2606 in
1714 2559 2025 2626 sponsum
2063 2548 2432 2628 acceperat,
2482 2549 2546 2605 et

419 2652 559 2739 ipse
609 2662 795 2738 pater
839 2651 1079 2719 frustra
1116 2652 1325 2720 conati
1368 2663 1518 2719 sunt
1555 2654 1905 2721 deterrere.
1952 2652 2322 2720 Dicentibus
2370 2651 2543 2719 enim

419 2786 801 2851 generosam
839 2786 979 2834 esse
1018 2777 1338 2849 mentem,
1383 2768 1492 2834 sed
1537 2787 1669 2833 non
1720 2767 1857 2834 sine
1905 2767 2184 2855 quadam
2231 2765 2540 2848 stultitia,

421 2888 483 2946 et
519 2889 709 2965 turpe
748 2899 888 2946 esse
923 2879 1154 2966 virgini
1193 2901 1342 2948 cum
1378 2901 1550 2948 caeco
1588 2881 1727 2948 viro
1767 2880 2094 2962 exsilium,
2136 2880 2486 2968 respondet
2524 2900 2539 2945 :

423 3013 460 3059 «ι
499 2991 652 3070 Quis
691 3001 777 3074 te,
811 3002 1017 3080 pater,
1053 3014 1301 3062 caecum
1336 2994 1629 3078 curabit3
1670 2995 1976 3062 modestae
2014 2995 2274 3082 quidem
2310 2995 2545 3082 puellae

420 3106 544 3174 hoc
609 3107 903 3175 exsilium
974 3129 1104 3175 non
1176 3118 1396 3198 turpe,
1469 3110 1582 3177 sed
1641 3109 1986 3177 honestum
2045 3107 2146 3196 (2).
2219 3113 2253 3174 >i
2318 3108 2545 3196 Itaque

419 3220 723 3309 OEdipum
761 3232 1114 3306 errantem,
1155 3223 1561 3304 mendicum,
1605 3223 1789 3312 cujus
1828 3211 2067 3290 nomen
2118 3243 2342 3291 omnes
2394 3223 2545 3290 hor-

424 3345 600 3417 rent,
644 3357 896 3403 summo
936 3337 1179 3421 studio,
1215 3359 1432 3406 comes
1471 3338 1765 3421 assidua,
1801 3324 2248 3426 amplectitur,
2281 3356 2541 3425 nempe,

427 3471 464 3517 α
505 3451 798 3534 conside,
854 3451 972 3535 ait,
1014 3472 1053 3519 o
1104 3452 1470 3521 miserande
1524 3464 1731 3542 pater,
1784 3453 1906 3520 hoo
1964 3474 2114 3521 saxo
2174 3473 2305 3520 non
2369 3451 2541 3534 laevi,

422 3563 785 3651 longiorem
849 3565 1024 3635 enim
1080 3587 1277 3655 quam
1339 3588 1460 3656 pro
1517 3588 1671 3636 sene
1733 3566 1902 3634 viam
1960 3564 2290 3635 confecisti
2345 3565 2447 3652 (3).
2507 3587 2541 3629 n

481 3722 559 3785 (1)
577 3726 647 3775 Τὸ
674 3725 766 3791 γὰρ
784 3727 1022 3776 τεκόντων
1048 3727 1195 3784 σέὸας

576 3813 735 3877 τρίτον
760 3814 859 3862 τόδ’
890 3814 940 3861 ὲν
963 3814 1177 3876 θεσμίοις

577 3900 717 3957 δίκας
743 3902 1012 3965 γέγραπται
1042 3902 1403 3965 μεγιστοτίμου.
1439 3902 1663 3966 AEschyl.
1696 3901 1899 3964 Suppl.‚
1926 3900 2035 3951 707.

484 3981 557 4045 (2)
587 3984 767 4048 Eurip.
800 3986 979 4036 Phoen.
1011 3986 1152 4037 1690.

492 4068 566 4133 (3)
595 4071 751 4136 Soph.
780 4074 949 4137 OEdip.
978 4075 1088 4126 σοι.
1115 4074 1197 4124 19.
