3064 4949
1474 527 1830 596 ..42-

642 668 970 757 Expressit
1021 681 1231 738 tamen
1269 669 1616 758 Sophocles
1655 671 2098 758 praestantiore
2148 671 2397 738 ratione
2434 671 2676 737 frater-

550 804 708 851 num
744 804 1032 853 amorem
1052 839 1067 869 ,
1119 785 1357 874 quippe
1408 785 1522 872 qui
1577 786 1858 873 puellam
1913 784 2266 866 effinxerit,
2328 784 2683 871 quominus

552 897 615 963 id
658 917 896 965 munus
935 898 1155 980 obeat,
1210 919 1292 965 ne
1338 907 1549 965 morte
1599 897 1860 985 quidem
1906 898 2002 965 vel
2040 897 2484 965 crudelissima
2525 917 2686 984 pro-

551 1011 789 1101 posita,
846 1012 1243 1100 impeditam.
1300 1011 1587 1094 Etenim,
1647 1011 1937 1098 quamvis
1983 1009 2144 1078 Creo
2189 1010 2510 1103 vetuerit,
2555 1011 2686 1078 hoc

549 1125 743 1194 etiam
777 1126 987 1194 edicto
1026 1137 1095 1193 ut
1118 1126 1274 1213 legis
1299 1135 1702 1214 contemptor
1723 1116 2468 1212 lapidibus‘obrueretur
2492 1144 2681 1212 sepe-

548 1239 653 1306 liri
690 1239 1082 1330 Polynicem,
1133 1224 1297 1327 opus
1349 1239 1671 1327 impavida
1719 1238 2092 1326 aggreditur
2125 1238 2476 1325 Antigone,
2531 1259 2680 1326 quae

550 1354 859 1422 decorum
934 1354 1284 1422 arbitratur
1347 1353 1514 1421 mori
1576 1362 1640 1420 et
1699 1372 1915 1420 caram
1975 1373 2121 1420 cum
2191 1372 2340 1437 caro
2406 1352 2676 1440 jacere;

551 1490 831 1558 namque
895 1492 929 1536 α
986 1470 1371 1536 diuturnum
1429 1469 1637 1555 magis
1692 1477 1790 1535 est
1852 1477 2140 1554 tempu5,
2211 1467 2330 1550 ait,
2394 1488 2523 1556 quo
2575 1487 2681 1535 me

549 1585 721 1672 apud
756 1584 997 1651 inferos
1048 1585 1128 1651 de
1175 1583 1475 1672 gentibus
1525 1584 1781 1670 placere
1828 1589 2087 1670 oportet
2133 1602 2330 1671 quam
2389 1581 2682 1649 incolen-
2779 1643 2804 1657 ,

549 1697 721 1765 tibus
759 1708 997 1766 terram
1036 1698 1159 1786 (1).
1206 1721 1240 1764 i>
1298 1699 1597 1765 Ismenen
1633 1717 1893 1785 quoque
1933 1716 2223 1764 sororem
2262 1717 2299 1763 a
2346 1695 2680 1784 proposito

549 1812 1020 1894 dehortantem,
1064 1832 1266 1901 quum
1307 1822 1592 1880 extrema
1625 1811 1878 1879 miserae
1912 1811 2081 1877 mala
2130 1810 2483 1899 prospiciat
2505 1799 2678 1877 'tole-

548 1930 783 2010 randa,
843 1929 1145 1995 admonet
1189 1948 1273 1995 ne
1318 1927 1445 2001 *sibi
1495 1936 1742 2019 metuat
1792 1926 2031 2014 quippe
2076 1947 2222 2014 quae
2279 1926 2375 1993 rei
2438 1924 2679 1993 exitum

548 2059 679 2110 non
728 2042 984 2129 ignoret
1035 2042 1417 2129 obviamque
1464 2040 1823 2108 discrimini
1870 2039 2289 2107 libentissime
2338 2040 2671 2127 procedat.

547 2156 757 2237 Quare
796 2177 940 2224 eam
977 2156 1308 2223 annotavit
1345 2155 1744 2223 clarissimus
1782 2155 2057 2241 scriptor
2102 2174 2243 2222 esse
2282 2153 2676 2221 simillimam

546 2270 866 2358 virginum
906 2291 1084 2359 quae,
1142 2271 1226 2337 ob
1275 2269 1472 2337 fidem
1520 2268 1770 2336 Christo
1818 2269 2230 2349 servandam,
2289 2267 2675 2355 sanguinem

549 2385 704 2452 olim
743 2385 1216 2474 profuderunt,
1267 2383 1502 2471 quibus
1552 2404 1672 2472 par
1706 2382 2078 2450 innocentia
2128 2382 2269 2449 vitae
2310 2392 2372 2449 et
2407 2379 2676 2468 integri—

549 2509 678 2568 tate
716 2521 1008 2580 morum,
1055 2499 1137 2568 ob
1183 2499 1610 2567 sanctissimae
1657 2519 1915 2587 quoque
1951 2497 2110 2585 legis
2160 2497 2676 2598 observationem

548 2614 966 2682 acerbissimo
1027 2613 1340 2702 supplicio
1404 2613 1717 2696 afficitur,
1782 2633 1901 2681 nec
1962 2612 2433 2681 confessionem
2493 2631 2676 2678 noxae

549 2728 852 2810 declinat,
915 2745 1035 2795 nec
1080 2729 1160 2795 ad
1202 2727 1553 2794 muliebres
1601 2726 2039 2794 excusationes
2087 2724 2396 2813 confugit.
2447 2724 2676 2793 Scisci-

549 2842 708 2910 tanti
748 2843 918 2910 enim
957 2842 1213 2911 Creonti
1253 2862 1410 2908 num
1449 2842 1591 2909 haec
1640 2841 1869 2909 iecisse
1907 2842 2212 2928 denegat,
2278 2841 2672 2928 respondet:

551 2979 586 3024 (ι
628 2957 763 3025 Imo
798 2958 1005 3025 fateor
1034 2968 1096 3024 et
1124 2956 1436 3046 profiteor
1472 2978 1577 3024 me
1611 2957 1861 3023 fecisse.
1904 2995 1992 3005 —-
2027 2956 2316 3024 Norasne
2354 2955 2676 3023 edictum?

548 3112 636 3121 —
673 3072 910 3142 Noram
956 3095 970 3140 :
1014 3072 1343 3161 quomodo
1383 3072 1555 3139 enim
1609 3071 2008 3157 ignorassem
2056 3072 2228 3159 quod
2279 3080 2418 3139 erat
2468 3071 2677 3137 mani-

548 3189 806 3255 Iestum.
836 3227 924 3237 —-
949 3187 1028 3254 Et
1052 3187 1142 3254 sic
1165 3207 1322 3254 ausa
1352 3207 1420 3254 es
1449 3187 1566 3252 has
1593 3187 1767 3273 leges
1795 3185 2186 3273 infringere?
2210 3225 2300 3236 —
2323 3186 2671 3269 Nimirum,

548 3323 657 3370 eas
706 3302 863 3369 mihi
919 3302 1175 3391 Jupiter
1219 3322 1349 3369 non
1406 3300 1723 3382 edixerat,
1780 3320 1899 3366 nec
1947 3319 2094 3388 quae
2152 3299 2378 3367 inferis
2439 3300 2679 3367 assidet

545 3416 836 3499 Justitia,
902 3437 1022 3484 nec
1062 3426 1169 3483 tua
1207 3415 1496 3503 reputavi
1546 3424 1794 3481 tantum
1832 3414 2136 3481 mandata
2180 3414 2393 3481 valere
2446 3424 2521 3481 ut
2556 3415 2676 3482 has

547 3533 820 3601 deorum
856 3533 1067 3619 legeS,
1109 3551 1312 3618 quum
1350 3530 1436 3598 sis
1474 3528 1797 3610 mortaHS,
1855 3547 2055 3616 queas
2100 3528 2485 3616 transgredi.
2529 3528 2674 3597 Non

549 3646 722 3715 enim
772 3645 911 3713 istae
960 3645 1103 3712 heri
1152 3656 1262 3712 aut
1317 3642 1790 3711 nudiustertius
1850 3642 2125 3710 conditae
2163 3651 2347 3725 sunt,
2414 3643 2525 3709 sed
2591 3643 2673 3710 ab

547 3759 724 3828 omni
772 3780 905 3827 aevo
954 3759 1343 3827 firmissimae
1388 3768 1855 3847 permanent...
1900 3757 2278 3825 Morituram
2338 3778 2442 3826 me
2500 3760 2675 3826 haud

548 3874 951 3956 nesciebam,
995 3875 1247 3942 etiamsi
1294 3884 1363 3941 tu
1402 3893 1532 3941 non
1562 3872 1907 3960 jussisses3
1960 3873 2057 3940 sin
2096 3882 2312 3941 autem
2350 3883 2673 3942 maturato

549 3990 679 4057 fato
718 3991 1099 4071 concedam,
1142 3990 1203 4055 id
1244 4009 1385 4055 esse
1422 3988 1487 4053 in
1527 3989 1706 4055 lucro
1744 3988 2028 4054 arbitror
2068 3988 2190 4076 (Ξ).
2240 4009 2272 4054 a

610 4128 683 4190 (1)
716 4127 951 4191 Sophocl.
986 4128 1161 4191 Antig.
1195 4125 1269 4174 7⁶2.
1306 4154 1366 4162 —
1396 4126 1471 4188 (2)
1503 4127 1741 4189 Sophocl.
1771 4127 1944 4191 Antig.
1976 4126 2187 4189 440·65‚
2210 4128 2434 4190 passim.
