3064 4949
1248 492 1605 560 -61-

366 636 598 724 agendi
643 656 717 703 ac
761 635 1069 724 loquendi
1121 636 1282 704 adeo
1331 636 1648 723 probrosa
1696 628 1953 702 videtur
2001 655 2074 719 ac
2123 635 2369 723 turpiS,
2419 645 2496 702 ut

365 751 632 834 chorus,
667 749 786 817 etsi
810 751 1195 838 plerumque
1224 760 1450 818 cantus
1478 749 1851 839 principum
1871 802 1888 832 ‚
1927 749 1986 816 ei
2015 749 2229 838 palam
2259 750 2487 817 adver-

365 874 568 948 setur,
630 865 781 953 qui,
831 886 864 932 «
904 864 1169 948 videriS‚
1224 865 1345 947 ait,
1389 865 1725 955 prodendo
1761 884 2062 946 uxorem,
2104 864 2294 949 haud
2315 874 2492 932 recte

363 979 606 1048 versari
649 979 772 1068 (1).
820 1001 855 1046 11
906 979 1036 1048 Νο5
1082 1000 1341 1068 quoque
1382 980 1593 1047 virum
1649 979 2007 1068 pessimum
2066 978 2262 1046 istum
2315 988 2493 1046 tanto

364 1094 513 1161 odio
578 1094 1039 1182 prosequimur
1098 1103 1170 1160 ut
1229 1094 1659 1163 assentiamur
1722 1094 1962 1161 Medeae
2013 1093 2251 1161 dicenti
2293 1116 2307 1159 ε
2355 1116 2391 1161 (1
2445 1093 2495 1162 Ο

360 1208 583 1292 liberi,
626 1219 899 1296 paterna
935 1208 1205 1297 perfidia
1239 1209 1433 1277 occisi
1473 1209 1719 1292 fuistis,
1763 1208 1948 1296 cujus
1985 1229 2096 1276 vos
2147 1207 2389 1296 injuria
2427 1220 2493 1277 et

362 1343 544 1392 novae
601 1323 842 1413 nuptiae
902 1324 1329 1411 perdiderunt
1356 1323 1481 1413 (a).
1524 1345 1560 1389 1)
1609 1324 1944 1392 Postremo
1981 1333 2126 1410 apte
2160 1324 2488 1391 concludit

362 1438 600 1511 chorus
653 1461 668 1505 ε
725 1460 759 1505 1(
801 1438 896 1505 Ad
946 1439 1156 1506 fontes
1203 1438 1479 1506 redeunt
1527 1437 1839 1520 flumina,
1882 1447 1947 1506 et
1973 1439 2114 1527 JUS,
2162 1448 2226 1505 et
2274 1437 2491 1506 omnia

362 1562 540 1620 retro
579 1554 837 1621 cedunt.
884 1552 1136 1621 Perfida
1173 1564 1324 1622 sunt
1362 1553 1518 1630 viris
1558 1553 1824 1622 consilia
1846 1606 1862 1636 ,
1896 1574 2018 1621 nec
2048 1553 2325 1642 amplius
2355 1563 2495 1621 rata

361 1670 634 1737 deorum
671 1668 832 1736 fides
853 1692 870 1752 ;
912 1669 1088 1736 venit
1122 1670 1327 1737 honos
1364 1668 1745 1736 mulieribus
1786 1689 1931 1756 quae
1981 1668 2216 1736 malam
2259 1669 2494 1737 famam

362 1805 494 1852 non
524 1784 660 1872 jam
691 1784 1076 1852 obtinebunt
1106 1784 1239 1873 (3);
1274 1805 1310 1850 1)
1344 1783 1582 1872 quibus
1611 1784 1824 1852 verbis
1852 1793 2030 1872 patet
2055 1783 2257 1852 fuisse
2286 1795 2493 1873 poetae

361 1900 485 1968 hoc
536 1920 732 1987 opere
785 1897 1175 1966 destinatum
1219 1898 1430 1965 virum
1478 1899 1791 1986 castigare
1837 1897 2166 1966 infidelem
2203 1899 2335 1986 (4),
2381 1900 2493 1968 de-

360 2013 511 2081 licta
548 2013 767 2080 uxoris
804 2011 870 2078 in
912 2032 1061 2079 eum
1103 2011 1508 2079 declinando.
1771 2098 1777 2106 ⁸

450 2126 820 2196 Monstravit
870 2125 1065 2193 etiam
1114 2125 1453 2214 Euripides
1499 2135 1742 2213 quanta
1789 2127 1958 2217 mala
2001 2126 2375 2213 gignantur,
2435 2127 2491 2194 si

361 2242 508 2310 duae
558 2241 685 2310 sint
730 2239 1037 2308 mulieres
1088 2240 1201 2307 uni
1254 2240 1424 2323 viro,
1476 2242 1973 2330 exemplumque
2019 2241 2308 2310 exhibuit
2359 2243 2492 2309 An-

362 2356 792 2438 dromachen,
842 2356 1269 2422 concubinam
1319 2355 1743 2444 Neoptolemi.
1799 2356 1979 2424 Hanc
2022 2378 2161 2425 esse
2209 2357 2336 2425 tori
2386 2377 2492 2425 so-

362 2470 531 2539 ciam
590 2471 753 2540 61160
818 2470 1190 2558 indignatur
1250 2470 1600 2539 Hermione
1659 2481 1733 2538 ut
1803 2471 1871 2538 in
1933 2493 2076 2539 eam
2141 2470 2493 2562 opprobria

362 2597 627 2674 aggerat
652 2587 700 2653 ⁸:
760 2605 956 2675 quam
1011 2586 1221 2673 arguit
1270 2596 1612 2675 corruptos
1672 2607 1889 2655 mores
1948 2586 2378 2655 barbarorum
2432 2597 2496 2654 et

359 2701 768 2789 promiscuos
805 2700 1185 2769 concubitus
1214 2701 1281 2767 in
1310 2700 1623 2769 Graeciam
1651 2700 1943 2769 intulisse
1962 2753 1978 2783 ‚
2022 2701 2326 2790 additque
2354 2701 2496 2770 haec

359 2817 593 2900 verba,
634 2826 700 2884 et
736 2815 1001 2905 quidem
1039 2815 1512 2905 sapientissima
1557 2837 1571 2883 ε
1616 2839 1651 2883 (1
1689 2816 1832 2884 Νο11
1881 2825 1979 2884 est
2021 2817 2367 2884 honestum
2407 2816 2489 2884 ab

362 2953 494 3001 uno
517 2932 654 2999 viro
683 2931 891 2999 teneri
920 2932 1196 2999 duarum
1236 2931 1586 2998 mulierum
1624 2930 1910 2998 habenas
1931 2984 1948 3015 ‚
1990 2932 2101 3000 sed
2132 2952 2259 2999 una
2287 2952 2490 2999 uxore

361 3056 703 3115 contentus
729 3045 812 3114 sit
839 3055 1095 3134 oportet
1117 3046 1228 3134 qni
1253 3047 1387 3113 vult
1411 3047 1678 3113 domum
1707 3047 1873 3114 bene
1906 3046 2267 3115 institutam
2292 3046 2416 3137 (5).
2449 3069 2486 3114 11

423 3230 497 3293 (1)
522 3230 749 3294 Euripid.
776 3230 975 3281 Medea.
1000 3230 1111 3281 576.

424 3316 496 3380 (2)
528 3317 657 3368 Ibid.
684 3316 828 3368 1364.

423 3404 498 3470 (3)
527 3405 660 3457 Ibid.
690 3405 801 3456 410.
1048 3474 1054 3480 ¹

422 3495 497 3558 (4)
532 3496 638 3544 Lex
677 3493 921 3558 quidem,
962 3494 1119 3543 variis
1163 3494 1228 3543 de
1267 3493 1441 3544 causis
1458 3530 1472 3556 ‚
1521 3493 1755 3545 solvendi
1791 3494 2185 3546 matrimonium
2221 3494 2491 3547 licentiam

361 3581 541 3644 dabat3
569 3588 774 3646 tamen,
799 3596 869 3632 ne
889 3587 1063 3632 essent
1085 3582 1365 3632 innumera
1389 3583 1633 3646 divortia,
1663 3597 1881 3634 necesse
1910 3588 2021 3633 erat
2041 3588 2098 3633 ut
2121 3583 2214 3633 dos
2247 3583 2493 3635 restitue-

361 3674 526 3733 retur,
549 3670 671 3733 nisi,
693 3670 759 3720 ob
780 3671 946 3721 malos
963 3684 1161 3732 mores,
1184 3670 1324 3720 haud
1345 3671 1610 3721 immerito
1631 3671 1983 3723 dimitteretur
2003 3685 2150 3721 uxor.
2165 3671 2487 3733 (Caillemer.

361 3759 606 3810 Restitut.
636 3760 700 3810 de
724 3759 773 3809 la
798 3760 903 3809 dot.
927 3772 978 3821 p.
999 3757 1104 3822 27.)

424 3846 499 3910 (5)
724 3869 735 3878 ·
1170 3847 1283 3896 οὐδὲ
1300 3848 1393 3913 γὰρ
1414 3849 1564 3898 καλὸν

516 3936 652 3985 δυοῖν
678 3938 929 3997 γυναικοῖν
950 3935 1081 3999 ἄνδρ’
1106 3935 1171 3983 ἔν’
1194 3934 1331 3993 ἡνίας
1362 3934 1519 3998 ἔχειν,

519 4024 622 4073 ἀλλ’
647 4023 695 4081 ἐς
718 4024 830 4087 μίαν
857 4023 1114 4087 βλέποντες
1134 4022 1329 4072 εὐναίαν
1357 4024 1546 4088 Κύπριν

530 4112 814 4177 στέργουσιν
829 4148 842 4170 ,
862 4111 995 4168 ὅστις
1015 4112 1080 4173 μὴ
1106 4115 1268 4167 κακῶς
1288 4112 1440 4160 οἰκεῖν
1461 4111 1604 4160 θέλει.
1628 4107 1858 4173 Euripid‚
1885 4110 2198 4172 Andromaq.
2225 4108 2336 4157 177.
