3064 4949
1493 473 1848 543 -62-

606 614 860 683 Etenim
909 612 976 683 in
1025 612 1125 679 his
1172 613 1423 683 aedibus
1470 614 1665 687 mixta
1712 635 1788 682 ac
1835 615 2213 703 perturbata
2269 624 2420 685 sunt
2475 614 2762 694 omnia,

606 729 934 803 Menelaus
990 748 1141 799 cum
1188 729 1379 801 Peleo
1423 738 1629 801 certat
1670 738 1735 800 et
1777 749 2011 816 parum
2054 729 2236 800 abest
2289 729 2448 818 quin
2499 748 2769 799 manus

602 844 911 917 violentas
960 842 1031 913 in
1083 861 1234 913 eum
1298 841 1580 930 injiciat,
1644 842 1996 917 Hermione
2057 842 2414 931 perniciem
2474 843 2768 915 Andro-

606 958 854 1031 machae
914 977 991 1029 ac
1053 956 1329 1029 Molosso
1373 956 1506 1024 filio
1567 957 1860 1040 molitur,
1905 967 2291 1046 posteaque,
2351 974 2557 1045 quum
2617 955 2770 1026 viri

605 1071 889 1143 reditum
948 1081 1013 1141 et
1071 1071 1238 1142 iram
1308 1071 1722 1154 reformidet,
1788 1091 1970 1152 eum,
2043 1070 2378 1160 perfidiam
2441 1070 2716 1141 imitata
2738 1123 2761 1152 ‚

604 1188 853 1277 prodit,
898 1197 970 1257 ut
1008 1187 1218 1259 Oresti
1254 1187 1604 1270 adhaereat,
1647 1207 1844 1275 quem
1882 1187 1962 1255 ad
1997 1187 2420 1258 occidendum
2450 1187 2766 1275 Neopto-

605 1304 851 1377 lemum
888 1300 1178 1383 inducit3
1230 1301 1320 1367 ita
1367 1311 1440 1367 ut
1478 1302 1717 1368 chorus
1760 1300 2030 1388 hujusce
2075 1300 2309 1371 fabulae
2353 1300 2764 1388 praescripta

606 1428 747 1490 rata
783 1418 1020 1486 habeat
1055 1418 1180 1491 hoc
1214 1415 1456 1505 judicio
1492 1415 1875 1502 gravissimo
1918 1437 1932 1482 :
1980 1439 2015 1484 ι(
2056 1416 2400 1504 Nunquam
2441 1415 2766 1504 duplices

607 1532 991 1603 concubitus
1027 1530 1308 1601 laudabo
1343 1529 1717 1600 mortalium
1738 1582 1754 1612 ,
1795 1550 2009 1618 neque
2047 1540 2377 1618 susceptos
2415 1550 2493 1599 ex
2530 1528 2763 1599 diver-

608 1647 699 1717 sis
751 1645 1068 1719 matribus
1114 1644 1356 1717 liberos
1376 1666 1392 1725 ;
1447 1664 1595 1732 quae
1650 1645 1877 1715 domos
1922 1644 2193 1713 summis
2240 1644 2529 1715 afficiunt
2567 1639 2759 1715 'cala-

607 1761 1062 1842 mitatibuS...;
1114 1780 1246 1827 non
1286 1758 1461 1829 enim
1495 1761 1893 1829 concordant
1929 1761 2058 1828 duo
2095 1771 2380 1831 rectores
2428 1758 2755 1842 civitatis,

609 1878 759 1949 duae
822 1894 1028 1949 musae
1106 1873 1299 1947 simul
1371 1883 1709 1956 canenteS‚
1779 1875 1909 1944 duo
1975 1884 2191 1947 nautae
2261 1875 2341 1945 ad
2411 1875 2757 1962 guberna—

610 1990 831 2056 culum
872 1988 994 2077 (1).
1040 2009 1077 2054 1>

698 2103 1018 2187 Tandem,
1082 2110 1157 2168 ut
1213 2111 1363 2189 apta
1421 2101 1794 2171 terminatio
1852 2102 2029 2175 hisce
2083 2102 2427 2191 praeceptis
2479 2104 2562 2175 de
2617 2103 2753 2170 viri

611 2215 845 2297 officiis
907 2215 1304 2302 imponatur,
1368 2215 1677 2282 maritum
1740 2216 2038 2286 hortatur
2099 2216 2443 2305 Euripides
2500 2226 2574 2288 ut
2629 2217 2754 2311 dc-

609 2331 847 2403 functae
904 2327 1124 2410 uxori,
1178 2329 1543 2415 praesertim
1589 2329 1645 2395 si
1692 2350 1767 2396 ex
1804 2349 1880 2397 ea
1917 2340 2123 2401 ortam
2163 2331 2414 2418 prolem
2468 2331 2748 2411 habeat,

610 2455 867 2533 pactam
924 2442 1122 2514 fidem
1170 2452 1381 2510 servet
1430 2463 1570 2514 necr
1599 2443 1835 2530 migret
1886 2444 1967 2513 ad
2022 2442 2180 2516 alias
2230 2444 2516 2534 nuptias.
2577 2444 2751 2518 Audi

612 2558 788 2632 enim
812 2566 1187 2647 precantem
1215 2557 1517 2630 Alcestim
1534 2610 1550 2640 ,
1580 2577 1703 2646 pro
1731 2559 1999 2626 Admete
2014 2557 2287 2650 jamjam
2315 2558 2700 2634 morituram
2730 2580 2747 2624 :

572 2685 579 2692 '
617 2695 655 2744 a
694 2673 788 2750 Ne
830 2673 1240 2754 introducas,
1282 2672 1524 2759 inquit,
1569 2671 1720 2745 filiis
1756 2693 2132 2756 novercam,
2173 2694 2355 2762 quae,
2401 2693 2604 2762 quum
2639 2695 2751 2748 me

613 2786 699 2860 sit
733 2785 1040 2866 deterior,
1084 2804 1159 2852 ex
1195 2785 1346 2856 odio
1382 2785 1451 2852 in
1488 2806 1669 2853 meos
1709 2795 1984 2875 tuosque
2022 2787 2275 2870 saeviat3
2325 2807 2442 2869 ne,
2490 2808 2744 2876 quaeso,

611 2900 828 2972 facias.
889 2899 1221 2974 Prioribus
1266 2899 1440 2970 enim
1485 2900 1706 2971 liberis
1755 2901 2005 2976 infensa
2059 2911 2158 2972 est
2200 2922 2476 2978 noverea
2521 2902 2748 2990 vipera

615 3014 912 3106 asperior
953 3013 1082 3104 (2).
1130 3035 1164 3079 ι)

704 3129 940 3197 Foedus
975 3128 1174 3215 igitur
1209 3127 1494 3216 conjugii
1534 3130 1772 3198 laedere
1811 3130 1950 3198 viro
1987 3150 2119 3198 non
2163 3130 2348 3213 licet3
2403 3151 2524 3198 nec
2560 3152 2751 3200 secus

618 3253 714 3310 est
759 3242 997 3309 mulier
1057 3241 1269 3310 officio
1330 3243 1673 3326 adstricta,
1733 3265 1894 3333 quo,
1950 3245 2047 3312 vel
2106 3254 2413 3333 peccante
2470 3246 2709 3322 marito
2730 3298 2747 3328 ,

617 3376 750 3424 non
787 3355 1110 3423 eximitur.
1168 3355 1349 3423 Hanc
1396 3356 1870 3425 observantiam
1916 3357 2361 3436 Andromache
2411 3360 2578 3436 adeo
2613 3349 2753 3430 uer-

675 3541 749 3606 (1)
768 3541 1020 3591 Οὐδέποτε
1037 3541 1214 3604 δίδυμα
1242 3542 1398 3605 λέκτρ’
1418 3542 1666 3592 ἐπαινέσω
1696 3543 1904 3606 βροτῶν,

957 3629 1058 3679 οὐδ’
1087 3629 1426 3698 ἀμφιμάτορας
1453 3630 1631 3693 κόρους
1648 3666 1662 3690 ,

770 3717 870 3779 ἔριν
896 3715 981 3778 μὲν
1004 3715 1153 3765 οἴκων
1181 3716 1435 3778 δυσμενεῖς
1459 3732 1512 3764 τε
1531 3716 1702 3770 λύπας.
1735 3712 1862 3762 Ibid.
1892 3713 2001 3763 464.

677 3801 753 3864 (2)
767 3804 849 3861 Μὴ
875 3804 1103 3865 ’πιγήμης
1122 3805 1287 3853 τοῖσδε
1312 3804 1549 3867 μητρυιὰν
1570 3803 1755 3857 τέκνοις
1769 3839 1782 3861 ,

771 3891 875 3947 ἥτις
891 3891 1076 3939 κακίων
1097 3891 1193 3947 οὖς’
1218 3892 1340 3954 ἐμοῦ
1361 3891 1480 3953 γυνή
1498 3927 1510 3948 ,
1534 3889 1692 3952 φθόνῳ

771 3981 873 4033 τοῖς
902 3981 1037 4026 σοῖσι
1057 3979 1233 4040 κάμοῒς
1257 3979 1400 4027 παισὶ
1428 3981 1573 4041 χεῖρα
1594 3978 1868 4042 προσὸαλεῖ
1886 4012 1899 4036 ,

825 4107 834 4117 .
875 4102 884 4113 .
913 4101 925 4113 .
953 4102 962 4113 .
993 4102 1005 4113 .
1037 4101 1046 4111 .
1076 4100 1087 4111 .
1123 4100 1135 4112 .
1157 4066 1344 4128 ἐχίδνης
1370 4065 1508 4115 οὐδὲν
1531 4065 1799 4129 ἠπιωτέρα.
1827 4063 2056 4128 Euripid.
2093 4065 2287 4114 Alcest.
2314 4065 2423 4115 305.
