3064 4949
1275 511 1628 582 ...ῃ-

395 655 573 723 omni
616 676 739 744 ope
784 676 1039 724 servare
1085 665 1290 723 tutam
1334 665 1708 740 conantem,
1758 677 2019 724 omnem
2063 657 2160 724 rei
2206 657 2508 725 invidiam

392 768 463 836 in
499 767 754 837 Graecos
791 769 1095 837 transfert
1132 769 1254 858 (1).
1307 770 1475 852 Imo,
1518 771 1691 857 quod
1728 788 1882 838 sane
1918 770 2157 838 mirum
2189 771 2511 839 videbitur
2590 789 2593 792 ·

393 884 562 972 apud
598 892 890 972 poetam,
935 884 1048 972 qui
1094 894 1244 952 ante
1281 902 1506 952 omnes
1554 894 1811 952 teneros
1848 885 2163 974 expressit
2206 885 2503 968 affectus,

343 994 477 1063 -ita
516 997 797 1064 fabulam
849 997 1132 1080 ordinat,
1199 1007 1271 1065 ut
1314 998 1569 1086 paterni
1620 992 1857 1066 amoris
1913 999 2273 1087 privatique
2323 1019 2510 1068 casus

389 1110 524 1177 fere
560 1110 1010 1194 immemores,
1052 1111 1453 1201 Iphigeniam
1486 1113 1679 1180 modo
1719 1133 1861 1181 sese
1905 1134 2025 1202 pro
2063 1113 2273 1202 patria
2317 1114 2509 1182 devo-

392 1233 645 1291 ventem
720 1234 1082 1314 spectemus
1171 1247 1247 1294 ac
1316 1226 1654 1294 miremur.
1737 1228 2000 1294 Frustra
2064 1227 2240 1294 enim
2307 1227 2366 1295 ei
2442 1248 2511 1297 se

391 1339 835 1408 auxiliatorem
900 1342 1146 1430 praebet
1213 1342 1520 1425 Achilles,
1594 1344 1835 1411 frustra
1906 1352 2114 1411 mater
2174 1343 2232 1411 ei
2299 1337 2513 1414 studet

391 1453 740 1537 obsistere3
792 1474 1104 1542 generosa
1146 1455 1399 1544 puella,
1454 1455 1811 1545 in‘bonum
1858 1456 2194 1546 publicum
2230 1456 2504 1539 intenta,

389 1567 557 1635 iram
591 1569 815 1636 matris
853 1569 1239 1658 compescit;
1283 1591 1434 1637 nam
1482 1570 1637 1654 sibi,
1695 1570 1923 1659 ignavo
1961 1571 2200 1639 omisso
2238 1592 2505 1659 pavore,

395 1681 565 1749 mori
599 1682 962 1766 decretum,
1031 1693 1103 1750 ut
1153 1684 1343 1773 Troja
1387 1693 1733 1768 evertatur,
1789 1684 2076 1773 illudque
2124 1686 2317 1752 decus
2368 1686 2511 1753 loco

388 1797 765 1886 nuptiarum
834 1808 898 1867 et
968 1799 1324 1866 liberorum
1395 1799 1651 1888 accipit.
1733 1801 1827 1867 Ita
1900 1800 2039 1888 ipsa
2111 1800 2513 1868 demonstrat

387 1912 614 1999 quanti
674 1912 987 1980 momenti
1045 1913 1129 1981 sit
1179 1933 1418 1981 saevum
1467 1913 1669 2002 patris
1729 1913 2068 1981 consilium
2116 1913 2371 2002 perfici,
2440 1923 2512 1981 ut

389 2045 537 2092 eum
573 2026 654 2093 ab
692 2026 869 2092 omni
914 2026 1050 2094 fere
1100 2026 1369 2094 crimine
1415 2026 1648 2093 eximat
1694 2027 2059 2115 nostrisque
2107 2027 2309 2095 oculis
2357 2028 2509 2094 sub-

379 2137 563 2226 jiciat
597 2139 1014 2207 miseratione
1053 2139 1266 2228 potius
1296 2160 1492 2227 quam
1522 2139 1672 2207 odio
1699 2141 2250 2229 prosequendum.
2286 2140 2512 2208 Postea

388 2253 660 2337 chorus,
704 2274 908 2342 quum
946 2254 1212 2321 Dianam
1252 2263 1437 2340 roget
1471 2263 1545 2321 ut
1580 2254 1975 2339 Agamemno
2027 2263 2335 2322 aeternam
2369 2255 2510 2321 lau-

387 2364 536 2431 dem
573 2365 770 2434 armis
810 2375 1265 2454 consequatur,
1306 2365 1366 2433 ei
1413 2365 1669 2433 videtur
1702 2387 1777 2433 ex
1820 2364 2150 2433 immolata
2197 2365 2330 2433 filia
2367 2365 2508 2453 glo-

388 2478 553 2545 riam
614 2480 989 2555 attribuere.
1062 2482 1372 2564 Demum,
1446 2481 1572 2569 ipsi
1638 2480 1728 2548 dii
1793 2501 2047 2548 cervam
2102 2502 2224 2570 pro
2297 2482 2512 2569 puella

388 2593 794 2661 mactandam
833 2593 1196 2677 sufficiunt,
1232 2595 1681 2682 sublatamque
1711 2594 2114 2684 Iphigeniam
2144 2595 2268 2662 sihi
2298 2617 2511 2665 sacer-

389 2708 605 2775 dotem
652 2708 931 2776 vindicat
980 2709 1210 2792 Diana,
1263 2719 1339 2777 ut
1395 2719 1666 2799 paterna
1720 2710 1931 2777 officia
1992 2730 2187 2798 quam
2246 2710 2511 2777 minime

387 2821 817 2909 infringantur
881 2833 946 2890 et
1007 2823 1237 2891 caritas
1297 2825 1366 2891 in
1423 2824 1703 2913 patriam
1764 2844 2083 2891 summam
2148 2826 2511 2893 mercedem

389 2936 680 3025 accipiat.

478 3050 578 3117 Dii
617 3051 791 3118 enim
829 3072 905 3119 ea
954 3052 1207 3120 vincula
1253 3053 1489 3140 quibus
1532 3063 1834 3141 parentes
1890 3064 1953 3121 et
1996 3054 2184 3122 liberi
2235 3053 2406 3120 inter
2444 3073 2511 3121 se

392 3175 893 3249 connectuntur,
957 3168 1118 3234 adeo
1182 3177 1428 3235 sacrata
1487 3188 1628 3235 esse
1672 3169 2051 3252 voluerunt,
2094 3177 2166 3235 ut
2217 3188 2292 3235 ea
2336 3188 2512 3235 mors

405 3300 535 3348 non
597 3282 873 3349 solveret
941 3283 1303 3370 domusque
1377 3282 1695 3350 defunctis
1787 3283 1981 3350 etiam
2066 3303 2241 3351 curae
2315 3291 2506 3350 esset.

391 3393 738 3481 Postquam
801 3393 1048 3463 Atossae
1109 3404 1419 3483 quantam
1477 3398 1715 3463 Xerxes
1784 3406 2083 3485 expertus
2136 3396 2220 3463 sit
2267 3396 2512 3463 cladem

396 3507 762 3576 nuntiatum
843 3518 974 3592 est,
1056 3509 1337 3577 animam
1404 3510 1578 3578 Darii
1653 3510 1856 3597 patris
1888 3563 1904 3593 ,
1997 3510 2107 3598 qui
2185 3519 2512 3576 tantorum

402 3623 725 3690 malorum
781 3623 1020 3691 exitum
1069 3624 1446 3712 praesagiat,
1490 3625 1727 3708 chorus
1776 3644 1851 3691 ex
1900 3623 2123 3691 inferis
2173 3623 2342 3691 elicit
2383 3622 2507 3711 (2).

355 3736 852 3824 ‚Advocantium
888 3739 1202 3808 clamores
1244 3738 1520 3827 percipit
1566 3738 1903 3807 defunctus
1954 3759 2096 3820 reX,
2152 3758 2228 3805 ex
2273 3758 2511 3805 monu-

393 3860 609 3919 mento
672 3852 913 3939 surgit,
991 3852 1358 3942 auditisque
1407 3874 1678 3922 suorum
1729 3852 2233 3936 calamitatibuS,
2283 3853 2511 3921 acerbo

451 4015 522 4077 (1)
551 4016 783 4080 Euripid.
812 4018 1047 4082 lphigen.
1074 4020 1129 4069 in
1153 3987 1317 4069 Aulis.

450 4102 521 4165 (2)
551 4103 775 4169 AEschyl.
805 4105 995 4158 Persae.
