3064 4949
1488 458 1588 499 -=
1621 448 1711 516 72
1756 487 1844 498 .-

609 589 909 676 gentibus
956 589 1398 670 habebantur,
1458 588 1869 675 turpissimos
1916 609 2056 655 esse
2102 587 2348 675 optimo
2402 586 2562 672 jure
2628 585 2745 650 de-

610 702 1021 785 monstravit,
1064 722 1322 790 quoque
1361 702 1489 768 vim
1524 702 1840 789 majorem
1880 702 2145 768 adderet
2179 700 2518 783 sententiae
2540 751 2560 780 ,
2601 718 2748 765 eam

611 814 854 902 placuit
887 814 1212 881 enuntiari
1246 815 1326 881 ab
1367 815 1519 881 Ione
1540 866 1557 896 ,
1603 836 1679 882 ex
1720 825 1935 881 mente
1972 823 2144 882 casta
2170 823 2234 880 et
2263 813 2518 880 sincera
2554 834 2572 877 :
2607 811 2745 900 qui,

612 947 817 1014 quum
862 927 1168 995 Creusam
1222 937 1598 994 narrantem
1647 928 1967 995 audiverit
2020 927 2383 1015 Apollinem
2434 937 2773 1014 stuprum,

612 1041 844 1128 virgini
882 1040 1214 1121 intulisse,
1253 1040 1341 1106 ita
1375 1041 1571 1107 verba
1608 1041 1760 1108 facit
1801 1063 1814 1107 :
1864 1064 1898 1108 c<
1925 1040 2401 1128 vituperandus
2441 1039 2613 1105 mihi
2655 1048 2750 1105 est

614 1154 927 1237 PhoebuS,
971 1154 1082 1241 qui
1120 1155 1367 1241 puellas
1402 1165 1696 1222 temeret.
1741 1156 1834 1224 Ne
1871 1165 1942 1222 tu
1980 1156 2045 1223 id
2087 1155 2315 1236 facias,
2373 1175 2413 1222 o
2454 1153 2746 1232 Phoebe,

613 1271 721 1337 sed
745 1321 762 1351 ,
804 1289 1006 1356 quum
1042 1268 1129 1334 sis
1165 1268 1499 1350 dominus,
1546 1278 1790 1336 sectare
1829 1270 2171 1351 virtutem3
2203 1268 2449 1336 etenim
2484 1290 2523 1334 a
2562 1288 2748 1336 mor-

554 1414 563 1419 ·
614 1382 884 1463 talibuS,
938 1381 1019 1448 ob
1067 1382 1321 1468 culpas,
1378 1381 1465 1448 dii
1516 1403 1740 1470 poenas
1791 1382 2074 1469 exigunt.
2144 1381 2482 1460 Quomodo
2542 1381 2753 1467 igitur

612 1517 874 1584 aequum
929 1508 1026 1563 est
1073 1516 1186 1563 vos
1237 1496 1348 1583 qui
1396 1496 1572 1584 leges
1618 1496 2029 1578 condidistiS,
2097 1504 2464 1584 spretarum
2521 1495 2749 1579 legum

615 1629 762 1676 reos
790 1606 1014 1674 videri.
1048 1606 1228 1685 Quod
1259 1606 1314 1672 si
1349 1606 1628 1694 pecunia
1663 1628 1700 1674 a
1727 1608 1908 1675 vobis
1929 1659 1946 1689 ,
1989 1608 2071 1674 ob
2110 1609 2421 1674 violentas
2450 1606 2745 1694 nuptiaS‚

616 1731 1050 1811 expeteretur,
1093 1731 1196 1802 tn,
1240 1731 1304 1787 et
1342 1721 1714 1808 Neptunus,
1759 1732 1823 1789 et
1856 1722 2131 1810 Jupiter,
2167 1742 2279 1788 rex
2318 1740 2745 1809 superorum,

617 1838 857 1925 templa
895 1845 1104 1903 vestra
1143 1835 1569 1902 exhauriretis
1608 1845 1682 1903 ut
1715 1845 1940 1924 stupra
1981 1846 2193 1903 vestra
2231 1835 2743 1902 redimerentur.

616 1951 758 2018 Non
797 1949 1072 2037 amplius
1108 1948 1404 2016 homines
1427 1948 1871 2038 improbitatis
1910 1959 2062 2016 sunt
2088 1949 2464 2030 accusandi,
2501 1948 2555 2015 si
2593 1947 2752 2013 vitia

617 2066 889 2131 deorum
928 2063 1259 2130 imitemur
1287 2062 1409 2150 (1).
1444 2085 1477 2128 2>
1520 2062 1857 2143 Ceterum,
1899 2063 2219 2150 ingenuus
2255 2084 2423 2150 puer
2461 2061 2755 2129 libentis-

618 2177 779 2244 sime
836 2178 1055 2244 credat
1109 2177 1406 2264 proprias
1458 2177 1680 2265 culpas
1729 2199 1766 2243 a
1820 2176 2203 2244 mulieribus
2254 2176 2322 2242 in
2376 2177 2534 2244 deos
2583 2194 2750 2242 con-

617 2290 806 2373 ferri,
861 2290 973 2377 qui
1011 2312 1048 2357 a
1086 2290 1326 2358 Creusa
1385 2310 1515 2356 non
1577 2291 1776 2357 semel
1837 2291 2220 2372 sciscitetur,
2287 2310 2506 2358 nonne
2555 2310 2630 2356 se
2678 2308 2752 2354 ex

623 2404 863 2472 Phoebo
903 2403 1229 2493 peperisse
1268 2403 1464 2486 dicat,
1507 2425 1711 2492 quum
1749 2425 1880 2471 non
1916 2425 1994 2471 ex
2031 2405 2274 2473 Phoebo
2310 2403 2670 2493 pepererit.

714 2519 855 2587 Non
910 2539 1096 2585 secus
1143 2519 1390 2600 fabula,
1441 2540 1587 2606 quae
1637 2520 1899 2587 Bacchae
1948 2519 2346 2600 inscribitur,
2405 2517 2752 2605 Euripides

621 2634 778 2700 deos
799 2685 816 2714 ,
899 2632 1349 2720 conjugiorum
1425 2644 1873 2721 corruptoreS,
1964 2632 2361 2720 vituperavit.
2439 2631 2752 2700 Studente

682 2888 757 2949 (1)
1143 2890 1467 2948 Νουθετητέος
1489 2890 1544 2938 δέ
1568 2906 1650 2951 μοι

778 2977 963 3032 Φοῖὃος
987 3010 1176 3024 .....

1143 3065 1225 3120 Μὴ
1250 3064 1312 3111 σύ
1330 3063 1393 3124 γ’·
1419 3063 1521 3111 &DJ
1551 3063 1657 3111 ἐπεὶ
1680 3067 1899 3126 κρατεῖς,

775 3152 949 3214 ἀρετὰς
969 3150 1136 3200 δίωκε.
1161 3152 1258 3199 Καὶ
1282 3151 1375 3214 γὰρ
1398 3150 1529 3204 ὅστις
1554 3151 1611 3197 ἂν
1634 3151 1818 3214 βροτῶν

779 3240 928 3294 κακὸς
947 3239 1135 3300 πεφΰκη
1156 3274 1170 3298 ,
1193 3243 1443 3300 ζημιοῦσιν
1472 3240 1518 3286 οἱ
1544 3238 1660 3286 θεοί.

780 3329 894 3381 Πῶς
916 3325 1000 3375 οὗν
1023 3326 1211 3375 δίκαιον
1235 3327 1347 3380 τοὺς
1370 3325 1548 3386 νόμους
1569 3328 1694 3387 ὑμᾶς
1719 3326 1911 3388 βροτοῖς

782 3414 1061 3478 γράψαντας
1088 3413 1263 3468 αὐτοὺς
1282 3412 1487 3473 ἀνομίαν
1511 3412 1816 3474 ὀφλισκάνειν
1838 3429 1853 3470 3

782 3503 842 3550 Εἰ
868 3535 1049 3551 .....

783 3589 922 3644 δίκας
950 3587 1123 3650 βιαίων
1146 3587 1317 3636 δώσετ’
1345 3587 1615 3651 ἀνθρώποις
1636 3586 1834 3648 γάμων,

785 3677 846 3724 σὺ
867 3678 951 3724 καὶ
976 3676 1230 3724 Ποσειδῶν
1253 3676 1367 3731 Ζεύς
1395 3673 1435 3723 θ’
1462 3675 1511 3730 ὃς
1531 3675 1741 3738 οὐρανοῦ
1764 3678 1936 3737 κρατεῖ
1951 3711 1965 3731 ,

786 3763 931 3819 ναοὺς
956 3763 1163 3819 τίνοντες
1181 3762 1369 3819 ἀδικίας
1387 3763 1646 3811 κενώσετε.

792 3883 1139 3897 .........
1172 3850 1346 3900 oon&
1370 3850 1652 3914 ἀνθρώπους
1671 3850 1852 3904 κακοὺς

788 3937 942 3998 λέγειν
964 3937 1151 3985 δίκαιον
1166 3975 1178 3995 ,
1203 3939 1245 3985 εἰ
1264 3939 1326 3985 τὰ
1349 3943 1445 3985 τῶν
1471 3939 1591 3985 θεῶν
1613 3937 1744 3985 κακὰ

791 4024 1081 4085 μιμούμεθα.
1111 4057 1123 4070 .
1153 4063 1163 4072 .
1230 4022 1459 4085 Euripid.
1485 4024 1599 4072 Ion.
1622 4021 1733 4072 436.
