3064 4949
1497 485 1840 555 ...56-

597 626 756 697 dicit
791 627 1190 717 sapientibus
1213 627 1493 696 invisum
1521 628 1645 717 (1).
1690 628 1829 696 Imo
1850 680 1866 710 ‚
1911 627 2146 696 omissa
2181 628 2366 716 quasi
2402 648 2708 717 persona
2732 682 2751 711 ,

596 743 814 831 ipsum
872 751 1131 831 poetam
1184 744 1410 812 credas
1447 742 1801 811 inclamare
1845 764 1860 807 ε
1905 766 1940 810 c<
1983 742 2033 811 Ο
2069 742 2318 811 utinam
2381 764 2601 833 neque
2675 744 2758 810 in

593 858 961 948 prosperiS‚
1003 878 1218 947 neque
1255 860 1325 926 in
1361 858 1675 941 adversis,
1717 878 1848 926 una
1881 878 2031 927 cum
2067 879 2220 925 sexu
2272 858 2576 927 muliebri
2617 859 2759 925 ha-

594 973 830 1041 bitem!
874 972 1158 1042 secunda
1204 973 1379 1040 enim
1415 973 1471 1040 si
1516 973 1775 1040 fortuna
1822 971 2050 1055 utitur,
2102 983 2200 1040 est
2249 974 2521 1042 audacia
2552 974 2756 1041 fero-

594 1090 755 1173 cior,
799 1089 902 1156 sin
939 1099 1117 1156 metu
1160 1088 1441 1171 laborat,
1495 1097 1561 1155 et
1593 1088 1784 1155 domo
1832 1097 1897 1156 et
1931 1086 2079 1153 urbi
2128 1087 2320 1155 exitio
2371 1098 2470 1155 est
2510 1086 2648 1177 (2).
2706 1109 2748 1153 n

592 1203 708 1275 Cui
768 1204 969 1292 igitur
1027 1202 1266 1271 mulier
1313 1201 1513 1291 pestis
1563 1201 1841 1269 habetur
1898 1201 2158 1289 publica
2202 1222 2278 1270 ac
2329 1201 2701 1270 domestica
2728 1255 2748 1284 ‚

593 1340 714 1388 nec
776 1316 1098 1387 sententia
1158 1316 1297 1385 istis
1360 1316 1658 1384 versibus
1718 1336 2021 1404 expressa
2068 1315 2279 1382 aliena
2335 1315 2589 1384 videtur
2651 1316 2750 1383 ab

591 1434 899 1524 opinione
952 1431 1246 1520 ejusdem
1305 1431 1424 1499 viri
1484 1431 1597 1519 qui
1644 1430 1815 1519 apud
1866 1430 2364 1520 Aristophanem
2412 1431 2754 1518 gloriatur

592 1550 766 1638 quod
828 1567 1166 1636 nunquam
1225 1547 1570 1615 mulierem
1628 1567 1850 1616 amore
1921 1556 2171 1634 captam
2234 1546 2492 1614 finxerit
2518 1599 2534 1625 ,
2611 1546 2749 1634 qui

591 1684 723 1731 una
775 1683 925 1731 cum
982 1663 1239 1731 Eteocle
1282 1683 1403 1751 per
1452 1661 1825 1730 irrisionem
1878 1661 2116 1730 iterum
2174 1663 2484 1729 exclamat
2526 1682 2544 1727 ε·
2598 1684 2638 1728 <t
2689 1661 2749 1729 O

589 1778 865 1868 Jupiter,
887 1777 1078 1866 quale
1104 1796 1344 1844 munus
1370 1777 1558 1845 nohis
1582 1777 1891 1844 mulieres
1910 1775 2392 1844 commodavisti
2407 1775 2533 1865 (3),
2554 1797 2587 1840 >³
2610 1776 2746 1863 qui

591 1893 670 1959 de
710 1891 957 1958 Helena
1001 1890 1288 1973 locutUS‚
1339 1891 1622 1979 puellam
1673 1890 1950 1958 similem
1994 1910 2136 1958 esse
2192 1889 2347 1957 dicit
2392 1888 2595 1957 leonis
2647 1889 2741 1956 ab

589 2004 965 2073 hominihus
1023 2005 1319 2088 enutriti,
1383 2006 1496 2094 qui
1549 2005 1837 2094 primum
1886 2004 1967 2072 ad
2026 2023 2293 2072 manum
2350 2002 2735 2086 blandienS‚

592 2129 864 2205 urgente
918 2129 1142 2187 ventre
1162 2172 1179 2201 ‚
1246 2140 1612 2209 puerorum
1650 2119 2130 2188 amantissimus
2196 2128 2329 2199 est,
2373 2127 2740 2205 gratusque

592 2234 888 2318 s'e'nibUS‚
931 2245 1278 2324 postquam
1327 2257 1481 2305 vero
1528 2236 1841 2319 adolevit,
1881 2237 2197 2325 patefacta
2231 2235 2447 2302 indole
2490 2255 2739 2322 paren-

589 2361 730 2419 tum
787 2368 909 2438 pro
959 2348 1357 2418 nutrimento
1419 2350 1659 2438 gratias
1723 2350 1856 2438 agit
1911 2349 2249 2418 mactando
2299 2348 2472 2416 viros
2495 2401 2512 2430 ‚
2579 2368 2736 2416 san-

590 2464 786 2552 guine
847 2464 1113 2532 domum
1178 2465 1612 2554 complend03
1681 2486 1802 2534 nec
1860 2464 1985 2532 alia
2043 2464 2223 2553 virgo
2284 2472 2414 2545 est,
2476 2462 2736 2531 immite

591 2578 795 2647 oculis
835 2580 1067 2663 telum,
1109 2580 1230 2648 flos
1272 2580 1516 2648 amoris
1552 2580 1859 2648 exitiosus
1897 2580 2075 2648 cordi
2116 2579 2241 2668 (4).

679 2692 1056 2780 Euripidem
1093 2711 1352 2783 quoque
1387 2715 1463 2762 ex
1501 2704 1794 2762 veterum
1846 2692 2229 2761 testimoniis
2273 2690 2430 2760 satis
2476 2700 2737 2758 constat

590 2807 973 2889 mulierum,
1031 2807 1257 2875 saltem
1317 2809 1385 2875 in
1438 2809 1726 2897 scriptis,
1789 2808 2004 2876 minus
2064 2806 2426 2875 studiosum
2475 2804 2730 2873 fuisse:

590 2930 979 3009 argumento
1040 2933 1193 2991 sunt
1253 2924 1488 2992 fabulae
1554 2924 1794 3012 quibus
1857 2924 2051 3006 solet,
2120 2943 2235 2990 ore
2298 2940 2736 3010 personarum

590 3038 772 3126 loqui
810 3059 886 3107 ac
925 3049 1209 3107 mentem
1248 3038 1559 3127 pandere.
1600 3037 1766 3105 Audi
1802 3037 1976 3105 enim
2011 3036 2425 3125 Hippolytum
2470 3034 2541 3102 in
2580 3035 2736 3102 uni-

588 3172 852 3220 versum
891 3153 1212 3221 muliebre
1236 3149 1489 3241 genus,
1542 3154 1625 3221 ob
1678 3153 2099 3221 exsecrandos
2154 3152 2442 3219 Phaedrae
2505 3151 2729 3237 igneS‚

591 3264 1057 3353 imprecantem
1101 3288 1116 3333 ε
1157 3290 1191 3334 <t
1231 3267 1282 3335 Ο
1319 3267 1598 3354 Jupiter,
1642 3288 1762 3335 cur
1801 3267 2138 3346 muliereS,
2181 3263 2557 3332 hominibus
2595 3264 2734 3332 exi-

590 3378 789 3461 tium,
842 3380 962 3447 sub
1016 3380 1259 3447 lumine
1313 3381 1465 3447 solis
1523 3380 1777 3449 edidisti
1800 3381 1832 3446 ⁴?
1894 3381 2235 3448 Praestaret
2294 3379 2422 3446 emi
2475 3377 2605 3445 tuis
2660 3378 2733 3445 in

653 3561 728 3625 (1)
747 3562 975 3626 AEschyl.
1003 3562 1145 3626 Sept.
1170 3577 1215 3612 a.
1243 3562 1408 3613 Theb.
1430 3562 1659 3613 182-187.

656 3647 730 3711 (2)
753 3651 878 3707 Μήτ’
907 3651 958 3699 ἐν
980 3653 1181 3700 κακοῖσι
1207 3652 1313 3713 μήτ’
1335 3652 1385 3700 ἐν
1410 3652 1608 3701 εὐεστοῖ
1633 3652 1743 3713 φίλῃ

744 3738 965 3794 ξύνοικος
985 3739 1088 3797 εἴην
1109 3745 1180 3802 τῷ
1206 3740 1471 3802 γυναικείῳ
1492 3739 1642 3801 γένει·

744 3830 1000 3887 κρατοῦσα
1027 3826 1112 3888 μὲν
1137 3828 1232 3891 γὰρ
1262 3829 1355 3890 οὐχ
1376 3828 1606 3889 ὁμιλητὸν
1630 3826 1806 3890 θράσος
1822 3861 1837 3884 ,

746 3912 959 3960 δείσασα
984 3914 1025 3960 δ’
1051 3914 1171 3976 οἴκῳ
1192 3916 1274 3963 καὶ
1298 3915 1440 3964 πόλει
1459 3914 1608 3964 πλέον
1636 3914 1806 3962 κακόν.
1839 3912 2066 3975 AEschyl.
2091 3913 2231 3975 Sept.
2256 3925 2304 3961 a.
2333 3909 2496 3961 Theb.
2522 3908 2633 3959 187.

651 3997 725 4060 (3)
744 3998 807 4047 Ὦ
834 4002 925 4047 Ζεῦ
941 4037 954 4059 ,
978 4006 1219 4061 γυναικῶν
1244 4001 1350 4053 οῖον
1372 3991 1580 4058 ὤπασας
1598 4002 1752 4063 γένος.
1788 3999 1919 4052 Ibid.
1941 3998 2051 4051 256.

653 4084 727 4147 (4)
745 4085 970 4151 AEschyl.
1000 4087 1183 4151 Agam.
1208 4086 1316 4137 716.
