3064 4949
1441 479 1794 547 ...19-

558 617 780 695 dolore
851 618 1113 707 angitur
1187 620 1358 708 quod
1434 620 1607 687 filius
1675 622 1994 688 malorum
2072 630 2298 689 auctor
2364 620 2592 687 existat
2657 644 2670 686 ε

556 752 710 820 ergo
773 752 922 801 eum
971 732 1242 821 ju‘venili
1302 734 1567 802 audacia
1629 743 2068 813 transversum
2128 733 2278 802 talia
2332 734 2679 823 perfecisse

555 846 668 935 qui
707 868 775 914 se
819 848 972 915 deos
1005 858 1497 936 superaturum,
1547 868 1752 937 quum
1791 848 2078 916 mortalis
2126 849 2243 931 sit,
2300 848 2673 938 speraverit.

557 961 751 1051 Cujus
802 973 1014 1031 tamen
1060 964 1252 1052 culpa
1308 972 1618 1053 paternus
1672 984 1856 1031 amor
1913 985 2044 1033 non
2106 963 2523 1053 extinguitur,
2578 973 2671 1047 et,

554 1086 896 1166 postquam
951 1078 1178 1167 patriae
1239 1099 1462 1146 casum
1491 1079 1908 1167 -deploravit,
1979 1079 2273 1148 Atossam
2338 1087 2559 1146 monet
2616 1087 2680 1146 et

553 1181 849 1260 hortatur
908 1204 1010 1277 ut,
1076 1205 1334 1282 sumpto
1407 1194 1521 1283 qui
1583 1194 1858 1261 decorus
1914 1193 2089 1260 visus
2144 1194 2337 1261 fuerit
2401 1203 2633 1261 ornatu
2657 1246 2674 1276 ,

555 1307 809 1374 obviam
845 1308 1012 1392 filio,
1054 1309 1165 1397 qui
1202 1316 1441 1376 vestem
1477 1328 1617 1396 prae
1642 1308 1864 1376 dolore
1892 1308 2297 1389 laceraverit,
2335 1308 2673 1396 procedat,

557 1441 835 1509 eumque
897 1423 1236 1490 benevolo
1278 1421 1561 1510 alloquio
1637 1422 1842 1507 erigat
1926 1432 1989 1489 et
2076 1422 2468 1489 consoletur.
2545 1422 2683 1489 Hoc

557 1545 748 1625 pacto
769 1588 786 1618 ,
828 1536 1117 1618 OresteS,
1170 1546 1514 1625 postquam
1551 1537 1754 1624 Argos
1790 1544 2038 1624 patrem
2089 1536 2342 1603 ulturus
2394 1534 2681 1604 occisum

556 1650 779 1734 rediit,
832 1651 1045 1718 statim
1105 1652 1184 1719 ad
1243 1650 1743 1739 Agamemnonis
1798 1650 2213 1738 sepulchrum
2263 1670 2331 1717 se
2392 1649 2676 1731 confert,

557 1776 629 1833 ut
663 1764 909 1833 consilii
947 1765 1329 1854 participem
1368 1764 1553 1831 illum
1594 1764 1831 1832 efficiat
1861 1773 1933 1831 et
1969 1774 2188 1832 exoret
2213 1764 2325 1852 qui
2357 1784 2427 1831 se
2464 1763 2681 1831 audiat

558 1889 623 1949 et
664 1879 939 1969 adjuvet.
991 1879 1232 1947 Eadem
1276 1858 1471 1969 prece
1520 1879 1771 1947 Electra
1810 1888 2147 1967 parentem
2208 1888 2391 1965 rogat
2438 1888 2511 1945 ut
2555 1878 2680 1957 sibi

558 2005 763 2063 matre
810 1994 1324 2083 praestantiorem
1371 1994 1818 2082 factorumque
1865 1993 2104 2081 pietate
2150 1992 2484 2061 meliorem
2542 1994 2680 2060 ani-

556 2130 736 2176 mum
775 2110 1111 2192 concedat3
1153 2118 1379 2197 postea
1425 2109 1650 2190 ambo,
1694 2108 2053 2197 conjunctis
2100 2108 2396 2190 vocibus,
2454 2109 2680 2175 defun-

556 2235 733 2293 ctum
797 2225 1177 2314 implorant,
1244 2224 1481 2313 quibus
1550 2223 1869 2291 consentit
1927 2225 2200 2305 choruS,
2269 2223 2510 2312 quippe
2569 2224 2680 2312 qui

556 2339 798 2407 mortui
872 2349 1155 2407 mentem
1227 2339 1375 2426 igne
1450 2359 1581 2406 non
1634 2339 1885 2406 domari
1961 2339 2239 2406 affirmet
2304 2336 2426 2427 (1).
2506 2337 2674 2419 Imo,

519 2455 810 2524 ‚Orestes
870 2455 1156 2524 Menelao
1221 2456 1503 2523 declarat
1558 2455 1751 2522 verba
1811 2476 1956 2544 quae
2021 2455 2265 2523 faciunt
2319 2474 2394 2522 ea
2457 2452 2681 2520 audire

557 2567 1099 2656 Agamemnonem
1167 2570 1286 2637 sub
1362 2579 1538 2637 terra
1607 2569 1934 2636 conditum
1956 2622 1972 2651 ‚
2055 2568 2325 2657 ejusque
2400 2566 2681 2634 animam

559 2705 757 2772 supra
794 2685 999 2774 capita
1035 2685 1403 2752 volitantem
1444 2704 1558 2750 ore
1595 2682 1711 2751 filii
1749 2703 1897 2750 eum
1934 2683 2175 2770 alloqui
2216 2681 2337 2771 (Ξ).

648 2800 803 2879 Quae
874 2799 1196 2886 vulgatam
1268 2798 1642 2887 opinionem
1714 2798 2041 2865 declarant
2109 2820 2124 2863 :
2203 2796 2684 2864 arbitrabantur

561 2912 734 2981 enim
771 2913 1191 2981 Athenienses
1239 2912 1611 2979 defunctum
1664 2920 1727 2979 et
1770 2910 1944 2998 genti
1995 2919 2059 2977 et
2102 2909 2336 2977 civitati
2375 2920 2681 2999 tanquam

561 3027 753 3094 deum
804 3037 1149 3115 patronum
1200 3027 1464 3109 adesse,
1522 3026 1576 3093 si
1632 3034 1846 3093 tamen
1902 3024 1960 3091 ei
2009 3024 2263 3092 debitus
2311 3024 2519 3092 honor
2570 3024 2681 3091 tri—

560 3142 895 3209 bueretur.
940 3140 1224 3209 Mortuos
1263 3140 1461 3228 igitur
1510 3140 1839 3207 memoriae
1878 3139 2264 3207 revocabant
2300 3158 2682 3207 monumen-

560 3265 775 3322 torum
822 3254 1276 3344 inscriptiones
1318 3256 1415 3343 (3)
1471 3276 1484 3319 :
1539 3254 1656 3321 hos
1703 3254 1957 3342 pietatis
2002 3275 2244 3322 sensus
2276 3255 2572 3322 fovebant
2607 3274 2683 3321 ac

615 3463 690 3526 (1)
720 3465 926 3526 Τέκνον,
957 3465 1178 3530 φρόνημα
1201 3470 1288 3514 τοῦ
1313 3464 1537 3524 θανόντᾳς
1565 3464 1623 3513 οὐ
1653 3464 1855 3526 δαμάζει

1051 3554 1202 3617 πυρὸς
1232 3553 1417 3617 μαλερὰ
1443 3552 1631 3613 γνάθος.

1394 3638 1624 3702 OEschyl.
1654 3637 1868 3701 Choeph.
1888 3636 1999 3688 324.

616 3727 693 3791 (2)
717 3726 780 3778 Ὦ
797 3730 978 3793 πατρὸς
1002 3728 1182 3790 ὅμαιμε
1211 3729 1336 3786 θεῖε,
1366 3729 1448 3777 τὸν
1475 3727 1601 3775 κατὰ
1620 3728 1789 3790 χθονὸς

709 3815 897 3864 θανόντ’
927 3815 1123 3865 ἀκούειν
1152 3814 1268 3864 τάδε
1294 3814 1454 3874 δόκει,
1480 3814 1769 3876 ποτωμένην

712 3905 874 3966 ψυχὴν
899 3902 1023 3967 ὑπὲρ
1053 3907 1143 3952 σοῦ
1161 3940 1174 3962 ,
1205 3903 1290 3951 καὶ
1313 3902 1469 3964 λέγειν
1498 3900 1603 3964 ἁγὼ
1630 3901 1755 3963 λέγω

1188 4030 1191 4034 .
1485 3989 1718 4054 Euripid.
1744 3988 1936 4052 orest„
1963 3988 2076 4038 674.

618 4079 692 4141 (3)
724 4078 1021 4129 Ravaisson.
1051 4079 1361 4129 Monument
1388 4077 1451 4128 de
1479 4078 1772 4142 Myrrhine,
1801 4092 1855 4141 p.
1883 4077 1961 4129 11.
