3064 4949
1564 521 1917 590 ..70-

674 659 988 729 Colonum
1027 661 1215 749 petit,
1266 662 1408 743 ubi,
1463 684 1540 730 ex
1586 663 1874 730 numinis
1934 663 2260 730 voluntate
2316 663 2576 750 fulgure
2625 675 2825 752 pate-

674 774 877 867 facta,
917 773 1215 857 moritur,
1274 796 1777 865 supremamque
1824 786 2209 864 potestatem
2259 777 2473 845 verbis
2513 779 2826 864 agnoscit

675 887 1072 969 novissimis,
1110 889 1402 978 quippe,
1471 914 1504 957 c
1553 891 1676 973 dii,
1723 891 1968 979 inquit,
2023 891 2313 978 quamvis
2360 912 2546 974 sero,
2611 913 2820 980 sper·
2879 936 2888 943 ·

673 1012 902 1069 nentes
940 1023 1008 1069 se
1046 1002 1381 1071 intuentur
1422 1004 1543 1093 (1).
1590 1025 1624 1069 »
1673 1004 1828 1083 Quae
1879 1013 2126 1072 secreta
2171 1005 2442 1072 deorum
2487 1006 2660 1073 actio
2703 1027 2821 1073 ce-

674 1116 832 1184 teris
892 1117 1028 1184 fere
1080 1117 1148 1184 in
1207 1118 1509 1185 omnibus
1569 1117 1803 1184 fabulis
1862 1126 2162 1206 apparet;
2216 1139 2291 1185 ea
2340 1138 2525 1201 vero,
2591 1117 2823 1206 primo

673 1227 948 1311 intuitu,
1003 1250 1134 1297 non
1181 1252 1367 1318 aeque
1419 1252 1678 1320 semper
1721 1232 2054 1319 probanda
2098 1230 2373 1314 videtur,
2430 1253 2553 1300 nec
2589 1242 2819 1314 recta,

671 1365 794 1411 nec
833 1344 1115 1432 sapiens,

762 1459 860 1525 Dii
909 1460 1210 1547 quidem,
1254 1460 1532 1548 AEschyli
1561 1459 1840 1547 judici0,
1896 1460 1964 1527 in
1999 1461 2588 1547 Agamemnonem,
2632 1469 2705 1527 et
2746 1459 2818 1527 in

675 1581 925 1664 ceteros
987 1575 1582 1642 animadvertebant
1649 1583 1916 1663 propter
1975 1574 2298 1663 majorum
2355 1574 2622 1654 delicta,
2700 1575 2821 1641 sed

676 1697 741 1771 et
788 1690 1183 1777 Agamemno
1239 1699 1304 1756 et
1348 1689 1865 1778 Clytaemnestra,
1915 1688 2196 1777 propriis
2252 1709 2511 1776 quoque
2563 1688 2817 1774 culpis,

672 1804 804 1871 fato
848 1805 1023 1870 haud
1070 1803 1396 1871 immerito
1445 1803 1921 1885 concedebant;
1976 1804 2148 1890 apud
2193 1802 2571 1890 Sophoclem
2611 1823 2777 1869 vero
2799 1854 2816 1884 ,

674 1918 942 2007 OEdipus
992 1918 1263 1985 summis
1313 1918 1501 1985 malis
1555 1918 1833 1985 afficitur
1881 1918 1963 1984 ob
2016 1917 2290 1985 crimina
2345 1939 2489 2004 quae
2540 1918 2819 1984 omnino

674 2018 917 2099 inscius
956 2031 1243 2114 admisit,
1287 2053 1407 2099 nec
1444 2032 1504 2099 ei
1544 2042 1695 2099 sunt
1732 2052 1957 2099 revera
1998 2031 2397 2120 imputanda.
2451 2033 2590 2099 Imo
2627 2032 2815 2099 Anti-

584 2236 596 2245 Ι
674 2168 840 2235 gone
885 2147 1299 2214 acerbissimo
1349 2146 1679 2215 cruciatur
1737 2146 2085 2235 supplicio,
2142 2166 2516 2234 quanquam
2564 2145 2815 2234 pietate

675 2271 740 2328 et
788 2261 966 2328 omni
1025 2281 1264 2348 genere
1325 2261 1709 2328 meritorum
1759 2270 1858 2328 est
1912 2260 2475 2349 praestantissima,
2531 2269 2606 2326 ut
2653 2261 2815 2327 deos

672 2375 954 2463 legitime
992 2375 1197 2464 possit
1234 2376 1712 2464 reprehendere
1742 2395 1947 2462 quum
1985 2394 2244 2441 omnem
2280 2373 2707 2440 calamitatem
2750 2383 2817 2439 et

672 2489 1090 2582 ignominiam
1154 2489 1548 2556 immeritam
1609 2490 1689 2556 ab
1750 2490 1902 2557 Jove
1965 2488 2062 2576 (2)
2132 2500 2390 2577 experta
2453 2487 2557 2555 sit.
2628 2487 2813 2566 Quod

672 2603 928 2670 videtur
980 2623 1214 2690 parum
1259 2603 1340 2670 ad
1394 2603 1703 2691 pietatem
1752 2602 2044 2685 allicere,
2102 2603 2155 2670 si
2212 2602 2380 2670 istud
2440 2603 2609 2669 ferat
2661 2623 2813 2690 pre-

675 2716 862 2784 tium.
908 2717 1239 2798 Attamen,
1286 2737 1488 2804 quum
1535 2738 1654 2784 nos
1689 2737 1958 2806 prorsus
2003 2717 2220 2805 pigeat
2265 2726 2523 2805 poetam
2558 2716 2813 2804 vitupe-

674 2851 854 2912 rare,
899 2830 1083 2917 cujus
1122 2832 1281 2898 adeo
1319 2832 1903 2900 commendabilem
1943 2832 2299 2900 doctrinam
2353 2830 2580 2916 multis
2622 2841 2813 2898 antea

675 2944 1074 3011 documentis
1125 2945 1742 3028 demonstravimuS,
1795 2946 2100 3013 libentius
2168 2946 2513 3033 opinamur
2563 2944 2812 3033 Sopho-

674 3061 838 3126 clem
879 3059 1197 3148 (quamvis
1248 3060 1312 3126 id
1362 3060 1583 3127 forsan
1621 3061 1792 3149 vulgi
1838 3082 2034 3149 supra
2070 3070 2356 3127 mentem
2395 3059 2664 3147 staret),
2709 3058 2811 3126 his

677 3173 985 3261 exemplis
1024 3173 1349 3241 induxisse
1386 3175 1683 3241 homines
1735 3183 1808 3241 ut
1844 3195 1975 3242 non
2022 3174 2434 3261 requirerent
2481 3185 2545 3242 et
2585 3195 2812 3262 spera-

678 3297 835 3353 rent
862 3285 942 3353 ab
982 3286 1356 3355 hominibus
1398 3298 1459 3355 et
1491 3288 1559 3355 in
1596 3289 1942 3378 praesenti,
1987 3309 2106 3377 pro
2147 3286 2510 3376 adimpletis
2550 3287 2807 3369 officiis,

679 3401 1081 3482 mercedem,
1145 3402 1257 3468 sed
1321 3404 1542 3470 oculos
1601 3403 1668 3469 in
1733 3403 2165 3470 immortalem
2238 3422 2313 3469 ac
2372 3401 2812 3468 beatissimam

677 3515 875 3583 vitam
930 3524 1401 3583 converterent.
1455 3517 1611 3600 Qui,
1669 3517 1789 3584 etsi
1835 3518 2094 3585 altiores
2141 3536 2399 3597 sensuS‚
2452 3524 2526 3580 ut
2565 3525 2812 3603 tempo-

679 3629 863 3698 ribus
922 3628 1085 3711 illis,
1150 3629 1508 3713 videantur,
1562 3631 1929 3698 innuuntur
1987 3639 2207 3697 tamen
2269 3650 2571 3698 sermone
2632 3628 2811 3696 Anti-

679 3765 914 3833 gones,
980 3744 1222 3833 quippe
1275 3766 1420 3832 quae
1479 3744 1726 3813 dictitet
1783 3765 1851 3813 se
1912 3765 2043 3813 non
2095 3744 2388 3814 Creontis
2439 3754 2811 3833 terramque

741 3936 813 4000 (1)
842 3940 959 3986 Θεοὶ
982 3940 1073 4003 γὰρ
1100 3939 1153 3988 εὖ
1177 3941 1261 4001 μὲν
1277 3977 1290 3999 ,
1319 3940 1409 4003 ὀψὲ
1434 3940 1475 3988 δ’
1500 3941 1747 4003 εἶσορῶσ’,
1775 3942 1890 3989 ὅταν

834 4025 894 4071 τὰ
925 4024 1011 4071 θεῖ’
1040 4025 1173 4087 ἀφείς
1202 4042 1272 4081 τις
1301 4064 1311 4073 .
1341 4063 1351 4075 .
1381 4064 1391 4074 .
1459 4024 1699 4089 Sophocl.
1723 4024 1891 4088 OEdip.
1917 4023 2025 4073 Col.
2049 4023 2216 4074 1536.·

744 4109 816 4171 (2)
839 4110 1080 4174 Sophocl.
1110 4110 1283 4174 Antig.
1308 4112 1410 4160 1-4.
