3064 4949
1278 462 1651 578 -7,..θ

371 669 500 716 non
538 648 858 738 impavida
899 661 1115 721 mente
1150 661 1403 720 tantum
1438 652 1789 742 insignem,
1847 654 1960 723 sed
2031 652 2226 722 etiam
2290 654 2497 741 patrio

372 783 619 832 amore·
665 765 1056 834 Novissimas
1096 766 1270 835 enim
1303 788 1530 851 vocet-3,
1586 788 1792 857 quum
1850 767 2051 836 filiolo
2112 786 2499 855 supremum

371 878 511 945 vale
549 877 740 961 dicit,
784 881 1026 949 sedulae
1075 880 1349 949 nutricis
1407 882 1631 950 credas
1687 891 1801 950 aut
1851 880 2221 950 tenerrimae
2274 880 2500 949 matris

374 1011 452 1058 ex
487 1011 601 1060 ore
636 994 919 1081 prolatas
959 993 1081 1083 (1).
1126 994 1287 1065 Nam
1324 994 1587 1084 optimis
1625 995 1833 1083 poetis
1878 995 2173 1085 placebat
2214 993 2502 1062 virorum

372 1125 719 1194 personam
756 1107 846 1176 ita
885 1107 1182 1198 exprimi,
1211 1118 1306 1192 ut,
1336 1109 1508 1178 inter
1545 1111 1866 1180 bellorum
1898 1111 2210 1178 tumultus
2236 1108 2497 1192 versati,

374 1240 504 1287 non
563 1231 780 1290 tamen
838 1225 1072 1291 domus
1119 1244 1424 1291 curarum
1482 1224 1899 1293 immemores
1945 1224 2341 1306 viderentur,
2384 1243 2505 1292 nec

374 1335 609 1402 horum
674 1346 967 1426 expertes
1007 1358 1379 1421 sensuum,
1448 1338 1561 1426 qui
1623 1337 1863 1406 nostris
1937 1336 2171 1405 animis
2242 1337 2502 1426 penitus

374 1449 725 1534 inhaerent,
786 1452 1193 1542 maximaque
1244 1462 1394 1521 sunt
1437 1453 1740 1521 humanae
1791 1460 2041 1521 naturae
2093 1462 2496 1520 ornamenta.

373 1564 512 1644 Quo
551 1565 744 1633 etiam
775 1566 1091 1635 illustrius
1128 1567 1286 1635 illud
1324 1564 1763 1657 spectaculum
1802 1575 2143 1660 appareat,
2183 1586 2315 1635 non
2354 1584 2504 1634 raro

375 1679 451 1746 fit
487 1688 558 1746 ut
589 1681 708 1765 vir,
743 1683 857 1770 qui
895 1683 973 1750 ad
1010 1683 1301 1751 dolorem
1339 1682 1671 1765 obduruit,
1713 1680 1898 1771 cujus
1937 1681 2185 1771 pectori
2220 1682 2499 1765 laboreS,

377 1794 666 1882 pericula
733 1797 917 1883 quasi
966 1798 1199 1864 callum
1249 1797 1693 1880 obduxerunt,
1747 1797 1868 1865 iste
1925 1795 2337 1885 potissimum
2389 1796 2505 1864 eli-

374 1917 565 1995 gatur
649 1909 762 1997 qui
836 1909 1086 1998 insigne
1148 1910 1437 1998 praebeat
1510 1912 1874 1999 exemplum
1952 1919 2193 1997 quanta
2267 1909 2351 1976 sit
2410 1909 2506 1977 vis

377 2022 615 2092 amoris
655 2024 934 2111 paterni.
978 2023 1356 2093 Gementem
1413 2024 1639 2093 audire
1699 2036 1798 2093 est
1854 2024 2230 2106 Herculem,
2273 2022 2506 2090 mulie-

378 2138 659 2226 bresque
721 2139 1017 2207 edentem
1075 2140 1372 2226 querelas
1437 2149 1812 2229 postquam,
1875 2138 2097 2205 furore
2156 2159 2195 2204 a
2253 2137 2505 2216 Junone

378 2250 704 2336 immiSSO,
747 2252 913 2321 filios
950 2253 1200 2321 necavit
1236 2253 1362 2343 (ἓ).
1418 2255 1596 2322 Idem
1621 2305 1637 2336 ,
1681 2250 2139 2321 miserabiliter
2174 2251 2500 2334 morienS,

381 2366 637 2453 Hyllum
699 2366 909 2434 filium
935 2420 952 2450 ,
1022 2368 1136 2456 qui
1199 2368 1455 2436 dolores
1518 2366 1720 2456 patris
1782 2365 2131 2456 praesentia
2189 2365 2502 2449 mulceat,

380 2481 634 2570 magnis
671 2484 939 2551 advocat
973 2484 1366 2552 clamoribus
1401 2504 1415 2550 ε
1456 2506 1490 2552 ((
1522 2484 1793 2566 Accede,
1823 2481 1940 2566 fili,
1972 2482 2227 2564 accede,
2257 2480 2508 2549 etiamsi

382 2617 637 2665 mecum
673 2596 888 2686 perire
923 2597 1158 2665 debeas
1200 2597 1326 2687 (3).
1374 2620 1408 2663 1>

471 2714 631 2780 Fere
670 2733 1226 2802 supervacaneum
1267 2711 1365 2780 est
1402 2712 1618 2780 dicere
1656 2730 1853 2799 quam
1895 2709 2103 2777 vivide
2148 2695 2511 2776 istiusmodi

381 2848 567 2895 amor
605 2828 673 2895 in
715 2828 1063 2896 mulierum
1115 2826 1343 2894 animis
1394 2826 1767 2894 effervescat
1818 2846 1833 2891 :
1891 2844 2085 2912 quem
2136 2841 2307 2912 saepe
2357 2824 2512 2891 dum
2608 2816 2612 2819 ’

390 2942 594 3010 oculis
629 2929 982 3032 subjiciunt
1019 2951 1230 3031 poetae
1270 2950 1333 3009 et
1378 2939 1744 3029 praesertim
1783 2937 2125 3028 Euripides
2174 2947 2238 3005 et
2274 2946 2514 3005 mater-

387 3077 549 3124 num
617 3056 774 3126 illud
848 3058 1134 3126 studium
1212 3077 1467 3126 summa
1528 3055 1960 3125 aestimatione
2017 3053 2385 3141 dignantur,
2452 3061 2516 3120 et

385 3181 673 3240 nostram
721 3172 1202 3242 miserationem
1256 3173 1553 3262 apprime
1590 3179 2016 3239 commovent.
2073 3168 2227 3249 Quis
2266 3166 2440 3235 enim
2477 3188 2516 3234 a

388 3285 692 3375 lacrymis
750 3296 1098 3375 temperet,
1152 3287 1385 3355 auditis
1446 3285 1927 3354 Andromaches
1987 3282 2279 3364 fletibuS,
2332 3279 2516 3369 cujus

389 3421 428 3468 e
462 3402 801 3490 complexu
836 3402 1309 3490 Astyanactem,
1354 3421 1554 3491 quem
1605 3421 1640 3469 e
1691 3398 1959 3489 trojanis
2015 3396 2223 3465 muris
2280 3392 2515 3484 praeci-

391 3515 637 3603 pitent,
677 3516 880 3585 Graeci
921 3517 1375 3607 eripiunt.(4).
1418 3516 1560 3584 Alia
1598 3515 1666 3582 in
1702 3514 1949 3596 fabula,
1985 3514 2216 3582 'eadem
2254 3509 2512 3592 mulier,

390 3638 734 3718 postquam
763 3630 832 3697 in
863 3632 1201 3719 templum,
1235 3640 1308 3698 ut
1334 3628 1604 3698 Menelai
1643 3639 1704 3697 et
1746 3626 2128 3696 Hermiones
2162 3624 2519 3693 furentium

389 3743 670 3812 declinet
710 3744 1052 3827 saevitiam,
1108 3765 1247 3813 sese
1303 3744 1609 3826 contulit,
1669 3742 1906 3811 auditis
1946 3742 2220 3809 istorum
2256 3738 2520 3808 vocibus

454 3864 527 3927 (1)
560 3865 776 3928 Sophoc.
805 3866 953 3929 Ajax,
985 3865 1095 3916 550.

458 3951 530 4013 (2)
560 3951 789 4015 Euripid.
821 3952 1032 4003 Hercul.
1064 3954 1263 4015 furenS,
1289 3952 1427 4003 1146.

462 4038 533 4102 (3)
565 4041 802 4105 Sophocl.
832 4041 1076 4092 Trachin.

463 4126 537 4189 (4)
564 4127 796 4192 Euripid.
823 4130 1006 4180 Troad.
