3064 4949
1306 493 1614 560 ..9-

400 654 540 702 esse
567 635 884 702 nefarium
905 637 1164 719 fatetur,
1187 645 1378 724 atque
1400 635 1760 723 ingemiscit
1783 636 2069 724 cogitans
2093 657 2288 724 quam
2312 646 2513 721 atrox,

399 767 596 836 quam
654 748 928 818 invisum
993 750 1117 819 diis
1175 750 1681 840 hominibusque
1753 771 1917 840 opus
1995 750 2079 818 sit
2154 751 2512 840 inceptura.

398 863 562 931 Illud
597 873 852 948 tamen,
906 866 1092 955 quasi
1140 864 1376 948 invita,
1431 865 1722 955 perficit,
1787 867 1942 934 dum
1994 865 2266 948 choruS,
2319 866 2519 934 flebili

397 999 754 1067 puerorum
802 1001 958 1048 voce
1009 980 1078 1047 in
1131 980 1443 1048 auxilium
1492 980 1768 1063 ascituS,
1821 980 2095 1058 horrore
2141 989 2514 1068 correptuS,

397 1102 614 1182 stupet
658 1116 672 1160 :
720 1118 754 1162 <t
796 1094 1059 1177 Misera,
1100 1094 1228 1178 ait,
1268 1095 1468 1182 igitur
1502 1104 1654 1163 nata
1706 1115 1775 1164 es
1824 1115 2087 1163 saxeum
2123 1116 2198 1163 ac
2231 1095 2518 1163 ferreum

395 1225 510 1273 cor
548 1227 778 1294 gerens
798 1260 815 1291 ,
858 1207 1099 1297 quippe
1136 1229 1281 1298 quae
1317 1208 1570 1297 prolem
1606 1209 1931 1276 horrendo
1970 1229 2045 1276 ac
2090 1207 2268 1275 fatali
2305 1207 2517 1296 parri-

395 1319 564 1387 cidio
602 1321 880 1389 occidas.
924 1322 1130 1391 Unam
1167 1332 1419 1391 tantum
1455 1322 1669 1390 audivi
1708 1323 1788 1391 de
1826 1323 2055 1411 priscis
2093 1321 2513 1405 mulieribuS,

396 1433 696 1520 Inonem,
740 1435 1047 1504 violentas
1077 1436 1144 1503 in
1177 1435 1417 1503 liberos
1454 1436 1749 1525 injecisse
1789 1456 2057 1519 manus,
2099 1437 2320 1504 furore
2359 1435 2516 1504 divi-

396 1547 569 1616 nitus
606 1550 684 1616 ab
723 1550 875 1618 Jove
914 1550 1202 1619 immisso
1239 1561 1601 1633 amentem,
1645 1572 1829 1640 quae,
1885 1560 2156 1639 propter
2206 1550 2519 1618 nefariam

397 1663 678 1748 caedem,
732 1664 798 1731 in
857 1686 1040 1733 mare
1094 1666 1308 1755 lapsa,
1364 1687 1494 1734 una
1555 1687 1703 1733 cum
1762 1665 1984 1733 liberis
2034 1664 2278 1733 interiit
2314 1665 2436 1754 (1).
2482 1687 2518 1730 1>

396 1776 566 1845 Bene
605 1778 797 1846 etiam
835 1780 1009 1847 novit
1045 1779 1301 1863 Medea,
1344 1780 1636 1868 quamvis
1688 1781 1767 1847 ad
1821 1779 2142 1867 agendum
2190 1778 2340 1846 odio
2385 1779 2521 1846 fere

394 1889 681 1976 legitimo
719 1890 980 1958 inducta
1020 1890 1136 1979 sit,
1188 1891 1327 1959 fore
1382 1901 1451 1958 ut
1489 1891 1579 1958 dii
1616 1891 1774 1958 tanti
1814 1890 2075 1959 sceleris
2110 1911 2337 1980 poenas
2375 1913 2414 1957 a
2452 1912 2521 1960 se

399 2013 737 2097 expetant,
784 2025 930 2092 quae
965 2005 1112 2073 ideo
1150 2005 1408 2088 statuit,
1449 2013 1525 2073 ut
1581 2004 1909 2093 piaculum
1965 2006 2189 2089 solvat,
2235 2006 2521 2074 solemne

394 2120 631 2187 festum
672 2128 737 2187 et
773 2140 953 2188 sacra
990 2119 1056 2186 in
1097 2129 1433 2209 posterum
1471 2120 1834 2188 instituere.

483 2235 710 2303 Omnia
759 2235 958 2323 igitur
1006 2256 1317 2324 superare
1362 2235 1587 2317 debet,
1640 2245 1979 2323 poetarum
2016 2233 2295 2323 judicio,
2347 2234 2517 2302 libe-

395 2369 622 2418 rorum
666 2349 930 2433 caritaS,
982 2350 1088 2419 cui
1127 2349 1320 2419 etiam
1368 2350 1544 2418 aliud
1592 2370 1832 2417 munus
1879 2370 2137 2418 sacrum
2184 2369 2258 2417 ac
2307 2348 2518 2435 legiti-

396 2485 577 2531 mum
628 2463 889 2533 officere
936 2486 1066 2534 non
1117 2474 1351 2555 potest.
1417 2465 1678 2534 Diversa
1729 2465 1808 2533 de
1856 2465 1977 2534 hac
2024 2487 2095 2533 re
2150 2462 2289 2534 erat
2324 2465 2518 2533 Lace-

397 2580 733 2649 daemoniis
790 2591 982 2670 atque
1025 2582 1520 2650 Atheniensibus
1569 2582 1823 2671 opinio,
1879 2602 2082 2670 quum
2131 2580 2518 2670 Spartanum

386 2694 497 2783 jus
547 2696 811 2762 domum
872 2696 1107 2765 civitati
1172 2696 1436 2765 omnino
1507 2705 1958 2785 postponeret,
2027 2695 2306 2763 Atticum
2364 2715 2517 2762 vero

395 2806 707 2875 familiam
748 2807 1067 2897 imprimis
1111 2817 1402 2876 tueretur
1445 2819 1508 2877 et
1547 2807 1815 2875 civitatis
1861 2809 2351 2875 fundamentum
2395 2807 2515 2874 ha-

396 2923 600 2991 beret.
645 2924 870 3012 Itaque
898 2924 1065 3013 jussi
1103 2923 1551 3011 magistratus,
1609 2923 1664 2990 si
1703 2923 1848 3011 quis
1884 2923 2085 2990 orbus
2123 2931 2509 3006 moreretur,

397 3036 728 3125 invigilare
797 3059 879 3107 ne
929 3058 1086 3126 gens
1130 3038 1412 3127 periret,
1484 3055 1547 3106 ‘o
1589 3056 1735 3118 νόμος
1803 3061 1873 3119 τῷ
1929 3056 2125 3121 ἄρχοντι
2183 3061 2279 3103 τῶν
2332 3055 2513 3116 oium,

395 3161 612 3217 ὃπως’ἂν
644 3164 708 3225 μὴ
737 3162 1061 3227 ἐξερημῶνται
1080 3200 1092 3222 ,
1122 3164 1414 3229 προστάττει
1441 3165 1529 3222 τὴν
1564 3165 1842 3227 επιμέλειαν
1875 3153 1997 3243 (2)
2034 3155 2202 3236 Imo,
2233 3153 2514 3221 intestati

394 3269 565 3335 bona
625 3288 755 3335 non
812 3268 1260 3356 publicabant,
1335 3270 1445 3337 sed
1504 3268 1723 3358 potius
1797 3269 2122 3338 habebant
2185 3270 2387 3339 civem
2447 3269 2514 3337 in

396 3382 680 3450 defuncti
722 3382 937 3451 locum
974 3384 1215 3467 suffici,
1260 3393 1329 3455 et.
1355 3383 1500 3452 fieri
1530 3383 1838 3453 heredem
1868 3394 1929 3453 et
1953 3404 2135 3453 sacra
2164 3385 2515 3453 domestica

393 3515 707 3584 peragere
773 3496 910 3587 (3),
980 3519 1108 3586 qua
1172 3519 1244 3565 re
1302 3498 1546 3587 liquido
1624 3508 1802 3588 patet
1870 3498 2136 3587 privatis
2198 3496 2514 3586 ejusmodi

395 3611 748 3679 commodis
787 3611 1045 3700 publica
1080 3612 1439 3701 posteriora
1470 3594 1700 3681 ‘videri

485 3724 664 3792 Hanc
699 3724 1057 3793 doctrinam
1098 3725 1364 3794 omnino
1399 3736 1577 3795 tenet
1613 3726 1977 3814 AEschyluS,
2033 3725 2181 3813 qui,
2225 3724 2513 3814 quamvis

458 3914 532 3976 (1)
555 3914 783 3977 Euripid.
813 3915 1020 3979 Medea,
1043 3881 1183 3968 1279.

457 4002 529 4066 (2)
559 4003 698 4066 Istic,
729 4004 793 4054 de
818 4004 1113 4069 Apollodori
1134 4007 1445 4070 hereditate,
1471 4008 1596 4070 530.

458 4090 532 4153 (3)
562 4091 854 4157 Camemer,
883 4093 1191 4146 Succession
1219 4096 1249 4145 a
1275 4094 1465 4146 Athen.
1483 4132 1497 4160 ‚
1524 4111 1576 4159 p.
1601 4094 1709 4147 133.
