3064 4949
1476 478 1831 545 *²16-

599 642 634 686 ((
676 640 757 687 ne
810 618 1011 686 Diana
1060 617 1447 687 sacrificium
1510 617 1631 686 sibi
1690 619 1909 706 parari
1970 619 2260 703 festinet,
2322 618 2711 706 infaustum,

592 733 946 817 nefarium,
980 732 1350 821 jurgiorum
1396 733 1568 801 inter
1613 743 1917 822 cognatos
1958 735 2247 817 fontem3
2289 744 2506 802 manet
2538 733 2716 802 enim

594 849 769 917 domi
806 846 1143 930 terribiliS,
1188 868 1446 937 semper
1478 849 1649 931 viva,
1708 870 1829 938 per
1878 846 2058 917 dolos
2096 849 2265 916 furia
2300 850 2518 916 ultura
2554 849 2716 916 libe-

593 983 701 1030 ros
714 962 810 1053 (1)
829 985 845 1046 ;
867 983 903 1029 ))
920 945 1016 1046 et,
1045 971 1193 1051 post
1212 971 1539 1052 patratum
1563 963 1833 1050 facinus,
1864 964 2086 1033 Jovem
2103 950 2397 1052 ‘agnoscit
2422 963 2715 1031 omnium

589 1087 953 1160 auctorem,
988 1077 1278 1146 omnium
1305 1078 1705 1162 effectorem,
1741 1080 2037 1167 malaque
2069 1078 2367 1147 divinitus
2397 1077 2742 1146 immissa?

604 1234 619 1245 -
677 1192 1076 1261 Gravissimis
1115 1213 1411 1280 quoque,
1455 1192 1628 1281 apud
1667 1191 2078 1281 Sophoclem,
2123 1193 2520 1282 argumentis
2559 1214 2713 1261 cau-

590 1329 729 1376 sam
774 1296 904 1397 agit
952 1307 1464 1397 Clytaemnestra,
1516 1329 1689 1397 saepe
1734 1309 2068 1377 clamitans
2113 1309 2326 1377 virum
2372 1329 2505 1377 non
2553 1329 2592 1377 a
2640 1328 2712 1376 se

590 1423 702 1490 sed
763 1444 801 1490 a
851 1421 1101 1512 justitia
1160 1421 1360 1490 fuisse
1417 1431 1760 1506 necatum3
1827 1423 1949 1491 sibi
2013 1424 2327 1492 Electram
2347 1477 2363 1507 ‚
2432 1423 2488 1491 si
2555 1443 2711 1491 sane

587 1546 806 1606 mente
843 1537 1100 1618 fuisset,
1143 1536 1605 1606 auxiliatricem
1644 1559 1713 1606 se
1749 1539 2043 1628 praebere
2088 1539 2431 1623 debuisse;
2492 1559 2711 1607 nonne

586 1651 850 1720 meritas
890 1652 970 1719 ab
1008 1652 1487 1739 Agamemnone
1532 1673 1759 1741 poenas
1807 1653 2093 1742 exegisse
2141 1654 2255 1744 qui
2308 1675 2492 1723 suam
2541 1652 2709 1722 occi-

587 1765 784 1850 derit,
825 1767 1183 1855 praesertim
1219 1785 1422 1854 quum
1460 1767 1747 1835 Menelao
1771 1820 1788 1850 ,
1822 1767 1890 1835 in
1926 1769 2110 1858 cujus
2147 1769 2422 1857 gratiam
2461 1768 2707 1837 bellum

586 1890 958 1970 susceptum
993 1881 1226 1964 fuerit,
1280 1880 1520 1968 gemini
1574 1889 1788 1949 essent
1837 1880 2026 1950 liberi
2059 1905 2076 1966 3
2121 1882 2497 1953 exstinctam
2539 1882 2707 1951 scili-

583 2005 686 2063 cet
722 1995 1001 2084 pessimo
1051 1995 1219 2084 patri
1263 1995 1467 2083 prolis
1519 1995 1886 2079 caritatem,
1939 2006 2012 2064 ut
2058 1996 2276 2064 fratris
2323 1996 2528 2066 soboli
2566 2006 2707 2064 tan-

583 2120 721 2178 tum
760 2111 1069 2179 studeret.
1112 2109 1226 2179 Cui
1264 2110 1363 2177 vix
1400 2110 1845 2178 contradicere
1885 2111 2052 2178 valet
2102 2111 2380 2194 Electra,
2423 2132 2543 2179 nec
2584 2111 2697 2179 fir-

582 2245 757 2292 mam
797 2224 1114 2292 rationem
1150 2225 1334 2292 affert
1368 2225 1492 2292 nisi
1531 2245 1663 2292 non
1702 2225 1991 2292 decuisse
2028 2246 2286 2313 regem.
2322 2225 2441 2292 etsi
2470 2245 2705 2293 nocen-
2781 2296 2788 2303 „

584 2348 716 2407 tem
738 2392 756 2422 ,
797 2360 835 2407 a
873 2338 1146 2427 conjuge
1186 2338 1494 2406 trucidari
1532 2337 1654 2427 (ἓ).

671 2455 965 2523 Attamen
1004 2473 1122 2522 nec
1153 2454 1582 2541 Agamemno,
1627 2473 1747 2522 nec
1784 2453 2091 2522 Hercules
2131 2452 2244 2542 qui
2286 2474 2437 2521 suos
2467 2453 2705 2521 invitus

583 2568 845 2652 occidit,
888 2589 1114 2637 revera
1151 2569 1301 2637 mali
1340 2578 1642 2658 parentes
1679 2570 1947 2637 vocandi
1998 2579 2190 2652 sunt3
2244 2570 2354 2637 sed
2406 2567 2703 2659 Clytaem-

581 2694 801 2753 nestra
871 2693 969 2751 est
1031 2693 1239 2750 mater
1314 2682 1578 2750 omnino
1652 2683 1983 2771 improba,
2061 2684 2306 2771 hasque
2368 2684 2426 2752 ei
2487 2692 2705 2772 partes

581 2818 805 2866 omnes
842 2808 1089 2887 poetae,
1133 2818 1415 2886 quorum
1451 2818 1648 2885 opera
1687 2798 2134 2886 explanamuS,
2179 2797 2527 2885 assignant.

668 2911 834 2979 Nihil
897 2933 1051 2981 sane
1108 2912 1311 2999 magis
1376 2911 1778 2979 horrendum
1838 2934 2035 3000 quam
2098 2922 2371 2979 matrem
2432 2932 2702 2980 cernere

579 3047 920 3095 novercam
971 3027 1251 3117 propriis
1300 3026 1525 3093 liberis
1586 3027 1927 3109 effectam;
1994 3038 2066 3094 ut
2121 3027 2355 3095 merito
2406 3026 2701 3113 indigna-

576 3145 751 3212 tione
798 3144 1056 3213 incendi
1106 3154 1170 3212 et
1220 3162 1610 3230 magnopere
1672 3141 1890 3209 dolere
1943 3142 2148 3230 possit
2212 3142 2462 3209 Electra
2524 3141 2700 3228 quod

505 3307 514 3316 .
574 3256 662 3324 ita
700 3279 737 3325 a
773 3259 1083 3346 genitrice
1132 3257 1332 3324 habiti
1387 3258 1550 3339 sint,
1605 3276 1808 3345 quum
1854 3256 1994 3345 ipsa
2049 3277 2229 3323 serva
2281 3256 2395 3337 sit,
2441 3254 2702 3323 Orestes

574 3370 640 3437 in
682 3372 943 3439 exilium
980 3382 1182 3440 actus.
1227 3370 1420 3457 Cujus
1459 3369 1653 3437 etiam
1690 3370 2034 3457 Sophocles
2075 3370 2141 3435 in
2179 3369 2364 3457 pejus
2416 3368 2700 3454 speciem

575 3482 854 3571 effingit,
897 3503 1100 3571 quum
1146 3481 1346 3548 filiam
1388 3480 1652 3548 inducat
1699 3480 1923 3547 matris
1981 3479 2332 3548 sceleribus
2370 3479 2438 3545 in
2477 3480 2703 3546 odium

574 3617 983 3680 conversam3
1027 3616 1148 3664 nec
1183 3596 1349 3663 hanc
1394 3593 1743 3683 pessimam
1780 3594 2155 3678 mulierem,
2199 3615 2345 3662 cum
2382 3593 2698 3681 AEgistho‚

574 3710 1027 3779 scelestissimo
1071 3709 1370 3791 homine,
1436 3707 1857 3776 accubantem
1920 3716 2197 3774 matrem
2247 3707 2555 3796 appellari
2606 3707 2704 3773 fas

575 3844 717 3893 esse
777 3825 1149 3893 arbitratur.
1216 3824 1440 3912 Itaque
1502 3821 1898 3889 contabescit
1972 3822 2219 3909 puella,
2286 3842 2406 3889 nec
2481 3830 2704 3889 tamen

632 3989 706 4053 (1)
733 3991 959 4055 AEschyl.
985 3992 1327 4055 Agamemno.
1355 3989 1464 4039 152.

631 4078 706 4140 (2)
732 4079 965 4142 Sophocl.
995 4080 1210 4129 Electra.
1237 4076 1475 4154 530·585,
1495 4076 1725 4138 passim.
