3064 4949
1568 515 1918 583 ..68-

668 652 819 720 Istae
869 654 1162 734 demum,
1213 664 1362 740 post
1399 653 1765 720 absolutum
1821 663 2103 734 sontem,
2170 653 2601 719 sacratissima
2654 652 2818 737 jura

665 766 939 834 infracta
974 766 1374 834 arbitrantur
1411 777 1476 835 et
1509 769 1865 836 exclamant
1895 790 1908 834 :
1957 791 1991 834 c<
2033 766 2105 834 Di
2135 765 2455 854 junioreS,
2497 765 2814 852 antiquas

664 880 842 967 leges
880 879 1231 948 calcavistis
1278 881 1381 968 (1).
1435 902 1470 946 >>
1525 882 1821 949 Attamen
1869 900 2001 948 non
2036 881 2196 948 adeo
2244 890 2395 946 sunt
2436 879 2816 967 reprehen-

667 991 861 1058 dendi
907 992 1134 1080 Apollo
1193 1001 1258 1059 et
1303 991 1587 1061 Minerva
1606 1046 1623 1076 ‚
1687 1013 1840 1060 nam
1888 993 2127 1062 Orestis
2194 993 2441 1079 agendo
2495 1011 2808 1071 causam,

666 1106 869 1174 malas
904 1115 968 1173 et
1002 1106 1234 1174 infidas
1273 1127 1505 1174 uxores
1547 1108 1980 1175 condemnant
2020 1129 2034 1174 :
2079 1107 2168 1175 ita
2210 1127 2284 1172 ex
2322 1105 2443 1173 diis
2482 1105 2654 1171 alius
2695 1102 2812 1170 alii

662 1219 877 1299 officio
933 1220 1401 1308 patrocinatur,
1463 1221 2045 1308 convenientesque
2104 1220 2195 1287 eis
2243 1227 2458 1307 partes
2514 1239 2551 1285 a
2603 1227 2813 1305 poeta

646 1331 1133 1412 attribuuntur,
1184 1332 1309 1398 nisi
1356 1334 1531 1422 quod
1577 1354 1707 1400 non
1755 1344 1850 1401 est
1908 1333 2138 1401 divinae
2184 1331 2473 1418 dignitati
2535 1350 2814 1418 semper

665 1463 1029 1532 congruens
1067 1466 1315 1528 serm0,
1358 1466 1562 1532 quum
1602 1447 1880 1514 Phoebus
1920 1447 2141 1513 Furias
2178 1445 2482 1512 conviciis
2523 1465 2600 1511 ac
2644 1465 2810 1532 pro-

664 1558 799 1626 bris
838 1569 1065 1627 oneret
1097 1560 1208 1647 (2),
1250 1570 1316 1628 et
1351 1570 1733 1647 argumenta
1762 1561 2149 1648 quandoque
2177 1579 2442 1646 prorsus
2480 1559 2807 1626 indecora

666 1669 892 1739 afferat
929 1672 1051 1761 (3).

753 1784 1090 1854 Studiosus
1128 1808 1388 1876 quoque
1423 1788 1544 1855 fuit
1580 1789 1912 1877 AEschylus
1949 1787 2355 1876 inquirendae
2397 1806 2612 1853 causae
2657 1806 2803 1852 ma-

662 1899 879 1965 lorum
927 1900 1164 1987 quibus
1209 1901 1382 1969 haud
1427 1921 1577 1969 raro
1624 1902 1856 1969 domus
1906 1900 2300 1982 afficiuntur,
2350 1900 2480 1967 imo
2530 1900 2801 1986 penitus

664 2011 985 2080 delentur.
1042 2012 1249 2101 Hujus
1296 2014 1394 2081 rei
1437 2014 1834 2102 principium
1893 2013 2168 2101 scriptor
2214 2013 2553 2099 religiosus
2597 2013 2714 2078 ille
2764 2033 2803 2078 a

660 2123 915 2192 Justitia
952 2146 1233 2214 superna
1266 2126 1531 2215 repetit,
1576 2148 1722 2215 quae
1765 2137 2112 2213 parentum
2152 2126 2383 2193 delicta
2430 2126 2543 2192 toti
2581 2125 2797 2201 soboli

662 2259 737 2306 ac
799 2234 973 2324 genti
1038 2239 1376 2322 adscribit,
1443 2248 1506 2305 et
1570 2239 1636 2306 in
1694 2250 1990 2328 posteros
2051 2239 2281 2326 expiat.
2336 2238 2447 2304 Est
2495 2237 2796 2304 moribus

658 2351 1146 2419 Atheniensium
1171 2364 1601 2421 consentanea
1632 2352 1851 2440 opinio
1871 2406 1887 2435 ,
1927 2373 2078 2420 nam
2103 2352 2381 2440 pessima
2406 2350 2610 2438 patris
2639 2351 2796 2417 faci-

660 2485 822 2532 nora
856 2464 1023 2553 proli
1059 2465 1577 2552 assignabantur,
1623 2479 1686 2534 et
1730 2467 1809 2534 de
1838 2465 2313 2534 nocentissimis
2359 2466 2460 2531 lex
2496 2463 2793 2532 edicebat

656 2583 878 2647 Ἀτίμους
899 2587 1025 2636 εἶναι
1054 2588 1138 2636 καὶ
1172 2590 1350 2646 αὐτοὺς
1375 2591 1458 2639 καὶ
1487 2590 1625 2653 γένος
1658 2591 1743 2639 καὶ
1776 2589 2104 2653 κληρονόμους
2134 2589 2246 2643 τοὺς
2275 2588 2458 2637 τούτων
2506 2578 2604 2666 (4)
2623 2631 2640 2660 ‚
2702 2579 2792 2645 ita

657 2691 1007 2777 proditoris
1043 2692 1230 2759 liberi
1269 2694 1652 2762 dicebantur
1691 2702 1874 2764 Ἂτιμοι
1905 2693 2028 2782 (5).

745 2804 840 2869 lta
883 2804 1093 2890 placet
1144 2805 1437 2894 AEschylo
1490 2827 1723 2873 noxam
1779 2816 2038 2893 patrum
2090 2804 2238 2871 filiis
2292 2825 2629 2871 remanere
2682 2826 2788 2871 ex-

656 2914 992 3004 piandam,
1036 2937 1159 2984 nec
1196 2919 1336 2985 dari
1373 2920 1777 3000 remedium,
1822 2919 1932 2986 sed
1981 2917 2226 2985 lumine
2274 2917 2601 2984 horrendo
2641 2918 2784 2984 cul-

653 3048 806 3115 pam
841 3024 1593 3117 sempersplendescere
1630 3029 1768 3119 (6),
1823 3030 2228 3118 impiumque
2274 3030 2524 3096 facinus
2576 3032 2786 3097 multa

653 3142 919 3228 gignere
953 3143 1054 3210 sui
1094 3143 1328 3211 similia
1358 3143 1454 3232 (7)
1477 3198 1493 3226 ,
1539 3164 1684 3232 quae
1714 3143 2013 3211 domibus
2044 3143 2233 3211 exitio
2260 3153 2430 3211 sunt.
2472 3143 2784 3233 Exemplo

715 3382 789 3445 (1)
813 3384 1040 3446 AEschyl.
1067 3385 1290 3434 Eumen.
1316 3384 1428 3435 778.

713 3467 787 3532 (2)
812 3468 944 3520 Ibid.
966 3468 1076 3519 644.

711 3556 785 3620 (3)
805 3556 933 3605 Ibid.
965 3557 1079 3609 658.

710 3643 784 3706 (4)
804 3644 1068 3693 Demosth.
1099 3644 1153 3694 C.
1175 3644 1516 3694 Macartatum
1530 3683 1543 3707 ‚
1572 3645 1598 3708 ξ
1619 3644 1699 3694 58.

709 3729 782 3790 (5)
802 3730 1094 3795 Caillemer,
1125 3731 1435 3781 Succession
1458 3732 1489 3781 a
1515 3732 1747 3782 Athenes
1762 3768 1775 3794 ,
1803 3745 1854 3793 p.
1876 3731 1990 3781 190.

709 3814 784 3877 (6)
808 3852 1176 3869 .........
1213 3821 1303 3869 οὐκ
1328 3821 1535 3882 ἐκρύφθη
1558 3857 1570 3877 ‚

800 3904 975 3967 πρέπει
997 3906 1074 3965 δὲ,
1099 3912 1196 3968 φῶς
1218 3906 1538 3967 αἰνολαμπὲς,
1567 3906 1699 3961 σίνος
1748 3904 1971 3966 AEschyl.
1992 3904 2175 3967 Agam.
2202 3904 2311 3954 387.

707 3985 780 4049 (7)
798 3988 868 4037 Τὸ
889 3990 982 4052 γὰρ
1008 3990 1242 4046 δυσσεὸὲς
1267 3991 1407 4055 ἔργον

804 4076 924 4137 μετὰ
946 4076 1029 4138 μὲν
1051 4078 1252 4127 πλείονα
1272 4079 1448 4135 τίκτει,
1475 4078 1683 4141 σφετέρᾳ
1699 4079 1743 4138 γ’
1768 4076 1937 4125 εἰκότα
1962 4077 2121 4141 γέννᾳ.
2160 4077 2286 4127 Ibid.
2312 4077 2422 4128 759.
