3064 4949
677 654 809 720 Nec
844 674 1029 721 secus
1066 654 1249 742 Ajax,
1304 675 1500 742 quem
1543 676 1741 743 supra
1785 654 2368 722 demonstravimus
2412 653 2615 741 patris
2645 663 2738 720 et.

590 756 946 836 liberorum
1009 769 1276 857 caritate
1342 769 1546 837 fuisse
1629 769 2084 857 conspicuum,
2175 768 2444 836 fraterni
2518 768 2731 835 etiam

593 883 833 951 amoris
870 884 1120 972 insigne
1158 885 1484 973 exemplar
1518 906 1557 951 a
1591 884 1799 972 poetis
1835 882 2245 972 proponitur.
2302 883 2733 972 Conjunctis-

593 997 794 1063 simus
833 997 1006 1064 enim
1043 1008 1140 1066 est
1174 999 1420 1066 Teucro
1455 999 1639 1066 fratri
1668 1018 1897 1087 quem,
1942 1019 2019 1066 ex
2063 996 2426 1066 concubina
2454 1006 2679 1065 ortum
2705 1050 2723 1078 ,

594 1111 678 1178 ob
728 1112 1047 1179 defectum
1100 1113 1409 1180 natalium
1469 1133 1603 1180 non
1662 1113 1954 1202 despicit.
2007 1112 2302 1200 Quippe,
2373 1121 2730 1200 postquam

594 1225 909 1293 exercitus
968 1245 1196 1314 greges
1251 1247 1475 1295 amens
1528 1227 1857 1310 mactavit,
1904 1227 1985 1294 ad
2044 1238 2329 1294 mentem
2368 1247 2670 1294 reversus
2703 1278 2724 1308 ,

595 1337 825 1425 suique
885 1360 1149 1428 compos
1170 1393 1186 1422 ,
1238 1340 1504 1408 fratrem
1548 1352 1763 1423 vocat,
1815 1341 1929 1430 qui
1982 1341 2285 1408 morienti
2330 1340 2456 1407 sibi
2514 1340 2722 1423 adsit,

593 1452 778 1540 cujus
823 1463 887 1521 et
937 1452 1223 1522 studium
1280 1465 1344 1522 et
1398 1455 1594 1523 fidem
1651 1456 1938 1537 noverit,
2003 1474 2265 1545 quoque
2327 1455 2676 1543 superstite
2703 1507 2723 1538 ,

595 1567 849 1635 minore
894 1569 1212 1636 desiderio
1249 1570 1441 1637 vitam
1483 1580 1939 1660 prosequatur.
1984 1570 2277 1659 Namque
2315 1570 2435 1637 scit
2472 1569 2722 1653 filium,

596 1684 884 1751 non‘dum
949 1704 1281 1772 egressum
1333 1707 1369 1753 e
1429 1686 1740 1773 pueritia,
1822 1685 2034 1774 patrio
2097 1705 2319 1752 amore
2375 1705 2451 1752 ac
2505 1684 2722 1766 curiS,

500 1786 507 1791 ’
586 1798 851 1888 juvante
903 1801 1134 1881 fratre,
1187 1819 1318 1866 non
1366 1800 1633 1868 omnino
1680 1801 1816 1867 fore
1864 1801 2196 1882 orbatum,
2249 1819 2371 1866 nec
2421 1819 2604 1881 eum,
2651 1820 2727 1866 se

595 1922 854 1980 mortuo
899 1914 1302 1981 contumeliis
1347 1916 1616 1983 laesuros
1656 1915 1967 1997 AchivoS,
2032 1935 2184 1981 nam
2246 1923 2585 1981 strenuum
2647 1935 2727 1981 ac

595 2026 852 2093 fidelem
889 2027 948 2094 ei
989 2027 1292 2115 relinquit
1328 2030 1696 2111 custodem,
1737 2030 2056 2097 Teucrum
2079 2082 2096 2112 ,
2141 2027 2529 2097 nutrimenti
2567 2029 2724 2095 olim

598 2148 964 2206 curatorem
1004 2140 1363 2208 studiosum
1402 2141 1530 2230 (1).

689 2252 947 2335 Postea,
990 2264 1062 2320 ut
1119 2255 1261 2342 pari
1319 2275 1542 2323 amore
1603 2255 1858 2344 Ajacem
1898 2275 1936 2322 a
1972 2255 2220 2323 Teucro
2268 2253 2576 2322 dilectum
2614 2274 2726 2320 ex-

597 2367 834 2455 primat
875 2367 1221 2455 Sophocles
1242 2422 1257 2451 ,
1292 2369 1465 2437 hunc
1494 2369 1778 2452 exhibet,
1823 2390 2094 2458 corpore
2130 2369 2352 2436 fratris
2382 2370 2720 2456 adspectO,

601 2484 1060 2551 exclamantem
1108 2506 1122 2550 :
1180 2508 1213 2551 «
1262 2485 1313 2553 Ο
1347 2486 1637 2553 omnium
1690 2506 1839 2574 quae
1889 2506 2180 2573 unquam
2228 2484 2501 2552 viderim
2547 2504 2724 2551 acer·

601 2598 938 2666 hissimum
1003 2601 1476 2687 spectaculum!
1552 2600 1603 2668 Ο
1664 2601 1998 2669 carissime
2057 2600 2249 2688 AJax,
2313 2611 2386 2667 ut
2441 2599 2724 2688 primum

600 2733 822 2780 casum
860 2724 1038 2781 tuum
1079 2715 1324 2797 audivi,
1368 2716 1599 2783 absens
1640 2716 1904 2802 quidem
1934 2715 2256 2802 ingemui,
2299 2735 2473 2782 nunc
2510 2723 2723 2781 autem

602 2826 861 2893 intuens
900 2847 1097 2914 pereo
1141 2827 1260 2916 (Q).
1308 2850 1341 2893 »
1396 2829 1566 2910 Imo,
1623 2849 1692 2896 se
1742 2828 1879 2916 ipse
1930 2828 2143 2915 arguit
2189 2827 2374 2915 quasi
2412 2828 2497 2894 sit
2532 2827 2725 2916 hujus

602 2940 777 3007 necis
814 2950 1061 3023 auctor,
1105 2942 1400 3030 iramque
1440 2942 1643 3030 patris
1681 2952 1743 3009 et
1779 2941 2026 3008 aditum
2066 2941 2440 3009 reformidat
2487 2941 2725 3028 (quem

604 3055 781 3122 enim
831 3055 898 3122 in
950 3056 1284 3144 deperdita
1334 3056 1551 3123 fabula
1603 3056 1888 3123 narravit
1931 3056 2268 3144 AEschylus
2322 3056 2405 3122 oh
2454 3054 2723 3121 inultam

601 3169 818 3237 fratris
869 3171 1116 3237 cladem
1168 3192 1203 3237 e
1250 3171 1442 3238 domo
1481 3171 1822 3259 ejectum),
1879 3190 2100 3238 senem
2137 3169 2275 3257 Jam
2321 3169 2577 3236 videtur
2625 3169 2725 3235 fu—

604 3294 858 3352 rentem
883 3285 1172 3373 aspicere
1201 3308 1214 3352 :
1253 3308 1286 3352 c<
1316 3284 1606 3368 Scilicet,
1636 3286 1962 3368 Telamon,
1996 3294 2181 3373 pater
2204 3294 2354 3351 tuus
2383 3303 2722 3371 meusque,

603 3401 727 3485 ait,
770 3399 1047 3487 benigno
1083 3401 1359 3487 laetoque
1387 3400 1567 3467 vultu
1603 3419 1709 3467 me
1743 3400 2014 3487 excipiet
2049 3400 2355 3467 reducem
2391 3398 2530 3466 sine
2568 3409 2651 3466 te.
2689 3419 2724 3464 ι»

605 3514 801 3602 Cujus
862 3524 1075 3581 tamen
1133 3533 1319 3581 amor
1376 3534 1507 3580 non
1567 3514 1780 3581 verbis
1837 3523 2087 3581 tantum
2153 3513 2442 3601 aperitur
2462 3537 2480 3596 ;
2546 3515 2730 3584 fratri

609 3629 821 3711 enim,
862 3628 1156 3718 quamvis
1192 3638 1359 3696 vetet
1395 3629 1750 3709 MenelauS‚
1803 3629 1913 3696 dat
1950 3649 2215 3717 operam
2268 3638 2342 3696 ut
2368 3627 2544 3716 justa
2579 3650 2729 3718 per-

609 3744 956 3826 solvantur,
998 3743 1406 3831 obstantique
1445 3743 1591 3811 duci
1627 3743 1840 3811 dicere
1893 3743 2171 3810 sustinet
2221 3764 2290 3811 se
2333 3745 2579 3811 nudum
2624 3766 2730 3812 ar-

609 3867 783 3924 mato
823 3856 881 3923 ei
923 3858 1342 3925 suffecturum
1393 3879 1406 3923 :
1460 3857 2019 3945 exprobranteque
2069 3857 2362 3946 principe
2399 3859 2570 3946 quod
2611 3858 2730 3926 hu-

669 4023 745 4087 (1)
776 4023 995 4085 Sophoc.
1027 4024 1171 4085 AjaX.
1202 4022 1311 4071 560.

671 4112 744 4175 (2)
774 4110 902 4163 Ibid.
929 4111 1038 4161 993.
