3064 4949
1507 493 1859 561 -60-..

625 630 1015 699 effectricem
1062 633 1475 721 puellamque
1518 642 1802 722 arguunt
1841 632 2124 701 OEchalia
2169 633 2513 703 adductam
2552 652 2769 719 quam

625 742 955 831 appellant
990 744 1222 812 domus
1260 744 1498 834 Trynin
1525 745 1649 833 (1).

710 855 978 940 Verum,
1050 868 1198 926 ante
1241 858 1361 927 hos
1409 878 1671 941 omneS‚
1728 858 2066 947 Euripides
2126 877 2324 946 quam
2385 858 2468 926 sit
2527 858 2771 925 domui

621 971 951 1038 funestum
990 972 1306 1061 quidquid
1345 974 1703 1062 peccaverit
1742 973 2014 1041 maritus
2051 974 2131 1041 ad
2165 973 2378 1040 vivum
2410 972 2763 1061 expressit.

623 1086 755 1153 Nec
790 1085 912 1153 sibi
951 1086 1124 1154 aliud
1163 1088 1503 1176 proposuit
1537 1089 1756 1156 fabula
1805 1109 1933 1177 qua
1984 1097 2294 1155 narratur
2331 1088 2552 1156 Medea
2588 1087 2768 1154 lib'e-

622 1219 731 1267 ros
748 1201 1076 1285 ,occidisse
1111 1213 1185 1271 ut
1220 1223 1257 1269 a
1293 1204 1525 1273 Jasone
1555 1203 1842 1292 perfidiae
1872 1222 2097 1291 poenas
2129 1202 2444 1291 exigeret,
2479 1223 2768 1292 remque

621 1314 711 1382 ita
758 1317 1123 1407 composuit
1171 1329 1244 1386 ut
1289 1317 1599 1386 horrendi
1654 1316 1915 1386 sceleris
1960 1316 2268 1384 invidiam
2319 1317 2387 1386 in
2443 1317 2766 1384 maritum

625 1431 1035 1515 transferret,
1078 1434 1158 1500 de
1197 1453 1327 1522 quo
1356 1431 1509 1520 jure
1550 1431 1792 1519 possit,
1844 1432 2083 1499 fatente
2131 1431 2361 1514 chor0,
2412 1431 2764 1499 uxorvin-

622 1545 859 1614 dictam
909 1566 1192 1615 sumere.
1243 1547 1420 1615 Adde
1471 1548 1646 1634 quod
1695 1547 1889 1615 datur
1934 1546 2186 1614 occasio
2231 1546 2540 1635 carpendi
2576 1546 2762 1615 viros

622 1669 696 1727 ut
729 1660 1032 1729 mulieres
1068 1661 1135 1728 in
1171 1661 1389 1729 fabula
1425 1661 1507 1728 de
1548 1659 1892 1749 Hippolyto
1912 1713 1928 1743 ,
1963 1661 2204 1748 quippe
2240 1680 2373 1728 non
2409 1680 2517 1728 eas
2555 1661 2762 1729 modo

622 1774 901 1863 exagitat
951 1774 1295 1863 Euripides
1337 1796 1351 1841 ε
1393 1775 1684 1842 virorum
1753 1795 2013 1863 quoque
2082 1794 2425 1842 censuram
2490 1795 2762 1842 summa

621 1888 1001 1957 auctoritate
1037 1889 1192 1977 agit.
1236 1889 1565 1976 Namque,
1604 1912 1637 1956 c<
1666 1888 1959 1956 omnium
1989 1909 2136 1977 quae
2163 1888 2445 1968 animam
2484 1897 2547 1955 et
2572 1909 2760 1957 men-

623 2011 753 2070 tem
788 2003 1062 2086 hahent,
1107 2024 1260 2087 1108,
1302 2002 1643 2086 mulieres,
1687 2003 1900 2091 inquit
1942 2003 2197 2084 Medea,
2244 1982 2468 2070 sumus
2515 2002 2757 2070 miser-

620 2116 861 2184 rimum
901 2138 1105 2206 genus
1143 2139 1305 2207 quas
1343 2117 1630 2207 primum
1666 2126 1924 2206 oportet
1949 2137 2183 2204 magno
2207 2115 2415 2204 pretio
2440 2116 2756 2185 maritum

624 2254 842 2301 emere
867 2234 1337 2322 dominumque
1360 2234 1655 2322 corporis
1677 2233 1948 2316 habere;
1982 2233 2105 2301 isto
2134 2242 2350 2301 autem
2373 2232 2631 2317 gravius
2656 2243 2757 2301 est

509 2333 517 2337 ’
621 2349 864 2414 malum
885 2401 902 2430 ‚
933 2368 1064 2415 non
1100 2357 1251 2415 sunt
1277 2347 1450 2417 enim
1484 2348 1722 2416 decora
1752 2347 1939 2416 nobis
1970 2347 2240 2415 divortia
2259 2399 2275 2429 ,
2307 2356 2368 2414 et
2401 2346 2506 2414 cui
2540 2348 2753 2415 malus

619 2462 739 2547 vir,
780 2462 948 2532 mori
989 2463 1190 2531 satius
1237 2472 1354 2532 est.
1414 2464 1582 2547 Iste,
1638 2464 1898 2552 quando
1946 2462 2302 2533 domestico
2356 2463 2752 2532 commercio

621 2586 945 2665 gravatur,
986 2579 1159 2647 foras
1199 2598 1537 2666 egressus,
1578 2600 1615 2647 a
1652 2578 1910 2646 fastidio
1938 2578 2175 2647 liberat
2210 2576 2500 2646 animum
2521 2630 2540 2660 ‚
2584 2578 2752 2645 ami-

622 2711 882 2775 corum,
946 2702 1058 2760 aut
1116 2693 1464 2782 aequalium
1523 2692 1895 2780 colloquiiS,
1960 2693 2067 2761 sed
2133 2711 2252 2759 nos
2318 2711 2580 2759 necesse
2653 2702 2754 2761 est

625 2825 823 2873 unam
884 2806 1092 2874 nostri
1158 2807 1439 2875 animam
1500 2816 1832 2895 spectare·
1862 2805 1961 2896 (2)
2010 2827 2045 2873 »
2089 2807 2179 2873 Ea
2235 2805 2437 2893 igitur
2492 2805 2752 2894 priores

617 2930 834 3009 partes
886 2930 1061 2990 tenet
1104 2930 1177 2988 ut
1218 2922 1521 2990 Jasonem
1579 2922 1856 3003 obruat3
1900 2920 2012 3010 qui
2076 2919 2234 2988 nihil
2300 2921 2379 2987 ad
2440 2919 2750 2987 tuendam

621 3056 880 3105 causam
920 3036 1145 3119 habet,
1188 3036 1313 3103 nisi
1353 3056 1422 3104 se
1459 3036 1710 3124 regales
1747 3035 2005 3125 nuptias
2045 3034 2329 3118 ambire;
2360 3033 2544 3122 cujus
2581 3033 2752 3101 ratio

679 3214 753 3279 (1)
776 3215 1019 3278 Sophocl.
1044 3213 1285 3264 Trachin.
1309 3212 1419 3263 893.

681 3301 755 3363 (2)
775 3303 1000 3365 γυναῖκές
1019 3302 1166 3364 ἐσμεν
1195 3302 1492 3351 ἀθλιώτατον
1512 3301 1678 3363 φυτόν·

773 3392 830 3447 ἃς
853 3396 1025 3455 πρῶτα
1056 3391 1141 3452 μὲν
1165 3391 1241 3439 δεῖ
1267 3390 1528 3454 χρημάτων
1558 3391 1803 3454 υπερὸολῇ

772 3476 919 3527 πόσιν
943 3476 1209 3542 πρίασθαι,
1228 3476 1470 3535 δεσπότην
1493 3493 1547 3525 τε
1572 3476 1797 3538 σώματος

775 3568 961 3616 λαὸεῒν·
985 3570 1141 3616 κακοῦ
1168 3567 1261 3631 γὰρ
1284 3565 1415 3615 τοῦτ’
1443 3565 1509 3615 ἔτ’
1542 3565 1707 3627 ἄλγιον
1725 3565 1896 3615 κακόν·

779 3685 972 3703 .....
999 3654 1057 3701 οὔ
1079 3653 1174 3718 γὰρ
1194 3653 1406 3708 εὐκλεεῖς
1434 3653 1714 3714 ᾶπαλλαγαὶ

771 3741 955 3803 γυναὶξί
979 3775 1713 3792 .................

771 3824 915 3891 Ἀνὴρ
939 3829 1054 3877 ὅταν
1074 3831 1177 3884 τοῖς
1195 3827 1330 3877 ἔνδον
1353 3828 1560 3892 ἄχθηται
1587 3822 1767 3887 ξυνὼκΐ,

769 3914 860 3970 ἔξω
889 3913 1048 3977 μολὼν
1073 3915 1260 3966 ἔπαυσε
1281 3916 1484 3981 καρδίαν
1510 3916 1660 3976 ἄσης,
1742 3928 1745 3931 ’

771 4004 802 4061 ἢ
827 4004 946 4067 πρὸς
965 4003 1101 4066 φίλον
1124 4005 1211 4053 τιν’
1238 4007 1268 4063 ἢ
1295 4006 1415 4069 πρὸς
1435 4005 1606 4063 ἥλικας
1623 4004 1839 4070 τραπείς·

773 4094 888 4152 ἡμῖν
910 4091 951 4139 δ’
976 4092 1161 4155 ἀνάγκη
1187 4094 1306 4155 πρὸς
1329 4092 1440 4154 μίαν
1467 4094 1627 4155 ψυχὴν
1654 4093 1865 4155 βλέπειν.
1897 4090 2126 4154 Euripid.
2159 4091 2357 4144 Medea.
2375 4089 2490 4140 231.
