3064 4949
1266 458 1623 526 ...47-

378 623 455 669 ex
483 600 860 669 inexhausto
889 601 1063 669 fonte
1085 654 1102 684 ‚
1146 601 1357 668 omnis
1386 601 1713 669 calamitas
1743 603 1809 669 in
1834 601 2199 673 universam
2242 602 2507 679 domum

381 715 647 785 effluxit.
677 715 809 787 Nec
832 715 898 782 id
924 715 1360 804 praetermittit
1382 716 1651 798 Teucer,
1684 716 1797 804 qui
1825 716 2184 804 increpanti
2219 715 2507 787 Menelao

290 830 298 836 '
377 830 547 901 hanc
581 839 800 899 notam
847 830 1024 917 genti
1065 829 1510 917 ,turpissimam
1564 830 1821 918 objicit,
1875 852 2108 920 nempe
2131 884 2149 914 ,
2206 853 2242 899 ε(
2279 831 2502 915 miser,

379 945 508 1027 ait,
561 966 691 1034 quo
748 945 1008 1013 tandem
1048 944 1440 1033 respicienS,
1490 965 1762 1034 carpere
1801 966 1905 1012 me
1943 945 2279 1013 sustines?
2339 945 2508 1013 Num

382 1069 442 1128 te
477 1059 640 1147 fugit
676 1061 945 1126 Atreum
980 1058 1092 1148 qui
1140 1068 1204 1127 te
1250 1058 1662 1127 maledictum
1712 1059 1975 1146 genuit,
2030 1059 2215 1129 fratri
2261 1059 2507 1127 liberos

379 1175 728 1241 vescendos
766 1173 1190 1263 apposuisse?
1230 1173 1329 1262 (1)
1373 1195 1407 1239 »
1450 1173 1545 1240 Ita
1582 1173 2005 1261 ignominiam
2044 1173 2506 1262 sempiternam

377 1287 654 1375 posteris
691 1287 957 1355 inurent
991 1296 1244 1376 patrea,
1295 1287 1348 1355 si
1386 1288 1573 1355 istius
1610 1287 1783 1355 modi
1828 1287 2084 1376 flagitiis
2129 1288 2254 1376 ipsi
2291 1288 2508 1377 inqui-

381 1411 645 1471 nentur.

467 1514 745 1597 Tamen,
785 1515 910 1585 hoc
944 1515 1308 1603 exemplum
1347 1525 1599 1583 tantum
1636 1517 1831 1584 modo
1868 1515 2223 1603 attigerunt
2259 1526 2502 1604 poetae3

379 1628 556 1697 aliud
615 1630 786 1717 apud
848 1649 992 1712 θος,
1047 1650 1179 1721 ,per
1237 1630 1488 1718 singula
1549 1631 1973 1718 explicatum,
2038 1628 2296 1697 obvium
2369 1640 2504 1713 est,

379 1742 539 1810 illud
612 1743 887 1827 scilicet,
963 1746 1138 1832 quod
1213 1765 1288 1811 ex
1361 1745 1685 1812 discordia
1759 1745 1929 1813 inter
2002 1745 2369 1834 Polynicem
2442 1755 2507 1815 et

380 1857 703 1926 Eteoclem
741 1858 820 1926 de
861 1868 1130 1947 paterno
1171 1879 1372 1946 regno
1408 1869 1733 1927 commota
1773 1860 2053 1929 ducitur.
2095 1858 2248 1938 Quae
2284 1858 2507 1933 simul-

379 1982 478 2040 tas
529 1972 822 2061 AEschylo
874 1993 949 2040 ac
997 1971 1295 2061 Sophocli
1349 1974 1512 2041 adeo
1559 1973 1814 2042 funesta
1861 1973 2079 2041 habita
2127 1984 2258 2056 est,
2309 1983 2381 2040 ut
2418 1972 2509 2042 nil

380 2087 564 2176 pejus
621 2086 771 2155 filiis
831 2087 1298 2174 imprecantem
1361 2087 1796 2175 expresserint
1854 2086 2189 2177 OEdipum,
2258 2086 2501 2176 quippe

377 2201 494 2290 qui
534 2202 804 2270 Martem
841 2210 1062 2270 exoret
1111 2222 1374 2289 unaque
1424 2201 1650 2269 Furias
1707 2210 1776 2268 ut
1830 2201 1922 2268 eis
1968 2201 2143 2269 hunc
2177 2200 2502 2285 animum,

378 2336 576 2404 quem
616 2315 742 2383 illis
781 2316 1260 2403 praestiterunt,
1298 2314 1683 2384 confirment
1719 2336 1794 2383 ac
1828 2325 2084 2385 servent
2122 2314 2502 2399 immotum;

378 2429 446 2497 id
483 2429 658 2497 enim
698 2450 838 2499 esse
872 2450 1111 2499 munus
1143 2430 1318 2518 quod
1357 2451 1395 2497 a
1430 2439 1616 2520 patre
1661 2430 1851 2502 liberi
1901 2429 2137 2519 ingrati
2175 2429 2507 2520 accepturi

379 2545 532 2614 sint.
573 2544 697 2634 (2).
742 2545 1036 2634 Namque
1091 2546 1172 2614 ad
1223 2546 1583 2635 parandam
1628 2546 1751 2613 sibi
1797 2546 2109 2614 ultionem
2165 2545 2317 2612 satis
2366 2566 2510 2614 esse

379 2660 753 2742 arbitratur,
823 2660 876 2727 si
936 2660 1044 2756 isti
1104 2681 1173 2728 se
1233 2660 1507 2728 invicem
1570 2660 1871 2743 oderint;
1932 2660 2108 2749 quod
2162 2660 2378 2749 reipsa
2426 2661 2507 2727 ad

378 2782 624 2842 tantam
660 2774 991 2843 miseriam
1032 2796 1142 2844 eos
1180 2774 1513 2864 perducit,
1558 2784 1631 2842 ut
1664 2784 1961 2842 votorum
1995 2785 2248 2862 patrem
2286 2774 2503 2863 ipsum

377 2887 709 2976 poeniteat,
771 2888 1004 2956 Narrat
1060 2889 1240 2977 prior
1284 2889 1621 2977 AEschylus
1668 2889 1734 2955 in
1784 2888 2000 2955 fabula
2042 2888 2124 2956 de
2176 2887 2507 2957 obsidione

378 3001 745 3070 Thebarum
786 3024 800 3068 ε
857 3002 1098 3073 Eteocli
1147 3002 1362 3072 statim
1409 3010 1483 3069 ut
1534 3001 1900 3070 nuntiatum
1953 3012 2049 3070 est
2102 3002 2329 3098 adesse
2382 3003 2508 3068 fra-

379 3126 580 3200 trem,
624 3137 846 3187 aversa
884 3118 964 3184 ab
1003 3137 1081 3184 eo
1119 3139 1196 3185 ex
1230 3116 1436 3206 patris
1474 3116 2018 3199 execrationibuS,
2064 3115 2155 3203 (id
2186 3115 2324 3204 ipse
2352 3117 2509 3188 fate-

379 3230 540 3319 tur),
581 3230 874 3298 voluntas
909 3230 983 3299 fit
1019 3231 1354 3314 infensior,
1407 3231 1497 3301 ita
1549 3239 1622 3297 ut
1671 3230 1953 3298 clamitet
1995 3251 2010 3296 t
2060 3253 2094 3298 (ι
2134 3229 2296 3298 Cum
2344 3232 2509 3299 duce

380 3345 546 3427 duX,
586 3364 736 3413 cum
772 3327 970 3412 fratre
1009 3346 1231 3430 frater,
1271 3366 1421 3413 cum
1467 3345 1651 3412 hoste
1696 3344 1898 3412 hostis
1954 3345 2258 3432 pugnabo
2296 3343 2419 3433 (2).
2470 3366 2504 3410 »

440 3525 514 3589 (1)
535 3529 783 3590 Δύστηνε,
811 3534 902 3580 ποῖ
923 3531 1115 3593 βλέπων
1142 3531 1251 3580 ποτ’
1279 3532 1403 3579 αὐτὰ
1427 3531 1512 3579 καὶ
1542 3532 1724 3594 θροεῒς;

532 3617 622 3666 οὐκ
649 3618 854 3667 οἶσθα...

534 3702 705 3769 Ἀτρέα
730 3706 792 3767 δ’,
818 3708 868 3762 ὃς
893 3706 957 3755 αὖ
979 3707 1026 3756 σ’
1048 3706 1244 3769 ἔσπειρε
1264 3704 1654 3754 δυσσεὸἑστατον
1670 3742 1683 3765 ,

532 3793 749 3856 *κραθέντ’
771 3794 960 3857 ἀδελφῷ
981 3794 1176 3843 δεῖπνον
1202 3792 1395 3842 οἰκείων
1422 3791 1635 3852 ‘timeo-³3
1671 3791 1910 3855 Sophocl.
1939 3792 2083 3853 Ajax.
2108 3789 2249 3839 1290.

442 3875 516 3939 (2)
539 3876 780 3941 s0ph001.
806 3879 980 3943 OEdip.
1005 3880 1113 3930 (τοι.
1135 3863 1277 3928 1‘389.

443 3964 515 4025 (3)
543 3965 759 4032 Ἅρχοντί
781 3969 821 4016 τ’
851 3968 1015 4033 ἄρχων
1037 3969 1122 4016 καὶ
1144 3968 1425 4030 κασιγνήτῳ
1445 3967 1616 4026 κάσις,

535 4053 698 4118 ἐχθρὸς
720 4055 808 4102 σὺν
832 4054 989 4120 ἐχθρῷ
1011 4055 1276 4116 στήσομαι.
1312 4052 1537 4115 AEschyl.
1565 4050 1707 4114 Sept.
1731 4066 1778 4102 a.
1802 4052 1965 4102 Theb.
1992 4052 2107 4103 674.
