3064 4949
1541 516 1896 584 ...66-

650 655 993 736 uxoribuS,
1037 675 1167 722 non
1212 655 1577 725 istiusmodi
1625 658 1931 726 mulieres
1966 660 2334 729 ministrare
2370 663 2612 731 debere
2653 664 2777 752 (1).

737 770 1019 837 Tandem
1036 822 1052 852 ,
1108 769 1390 838 enitatur
1441 792 1602 839 uxor
1653 783 1723 840 ut
1775 773 1947 842 bona
1997 774 2246 859 indole,
2305 788 2652 845 mansueto
2693 778 2783 844 in-

645 883 871 971 geni0,
912 883 1041 952 fido
1079 904 1301 951 amore
1339 885 1462 952 sibi
1501 885 1789 953 animum
1822 888 1941 955 viri
1976 889 2271 957 conciliet
2304 913 2320 956 ε
2353 911 2683 980 namque,
2726 892 2779 959 si

646 998 906 1087 quando
943 1018 1075 1066 non
1110 1008 1431 1079 amentur,
1465 999 1532 1066 id
1571 999 1693 1066 sibi
1728 1001 2114 1090 plerumque
2153 1003 2477 1091 imputare
2512 1005 2774 1072 debent.

643 1112 823 1192 Quod
884 1112 1333 1181 Andromache
1386 1114 1691 1181 admonet
1739 1114 2132 1183 Hermionen
2177 1118 2256 1184 de
2309 1117 2527 1184 mariti
2565 1117 2775 1204 negli-

639 1228 854 1314 gentia
912 1227 1267 1309 dolentem,
1333 1229 1472 1311 cui,
1547 1252 1583 1295 (ι
1639 1250 1770 1298 non
1830 1231 2071 1314 forma,
2140 1253 2179 1297 o
2237 1232 2496 1315 mulier,
2560 1233 2779 1320 inquit

638 1340 774 1424 illa,
819 1343 928 1409 sed
966 1343 1307 1410 virtutibus
1360 1343 1669 1431 conjuges
1716 1343 2151 1426 delectantur3
2195 1354 2265 1411 tu
2301 1366 2489 1428 vero,
2543 1346 2602 1412 si
2644 1366 2772 1433 qua

636 1456 959 1523 contentio
1020 1465 1163 1524 orta
1222 1466 1356 1538 est,
1399 1456 1695 1545 Spartam
1753 1458 1970 1545 magni
2032 1458 2223 1541 facis,
2287 1459 2557 1548 Scyrum
2617 1481 2772 1528 vero

632 1568 983 1656 deprimiS‚
1037 1579 1101 1637 et
1145 1569 1393 1637 divitias
1445 1580 1732 1638 ostentas
1769 1571 1939 1638 inter
1984 1571 2247 1661 inopeS,
2302 1583 2366 1641 et
2401 1575 2769 1641 Menelaum

628 1680 828 1769 jactas
892 1681 1207 1771 majorem
1258 1682 1501 1750 Achille
1559 1705 1573 1749 :
1625 1705 1787 1771 quos
1839 1684 1921 1751 ob
1975 1705 2307 1754 sermones
2358 1687 2655 1775 profecto
2708 1697 2768 1754 te

630 1796 764 1863 odit
800 1797 1073 1864 maritus
1116 1795 1237 1884 (Ξ).
1283 1819 1316 1861 ))
1382 1795 1537 1874 Quis
1574 1797 1748 1863 enim
1795 1796 1944 1864 talia
1980 1798 2266 1867 convicia
2315 1820 2505 1887 aequo
2541 1801 2765 1867 animo

629 1909 974 1996 sustineat,
1037 1910 1577 1999 maledicentique
1642 1932 1774 1980 non
1832 1912 2193 1980 irascatur?
2252 1914 2503 1981 Electra
2563 1935 2758 1998 vero,

630 2025 801 2113 regis
858 2024 1017 2108 filia,
1082 2026 1382 2112 agricolae
1446 2025 1552 2094 cui
1613 2026 1830 2114 nupsit
1880 2027 2383 2110 studiosissima,
2448 2048 2600 2095 eum
2662 2028 2760 2095 sui

624 2140 1274 2210 observantissimum
1310 2140 1528 2207 habet.

709 2255 1007 2323 Mulieres
1044 2276 1305 2343 quoque
1344 2254 1686 2343 Euripides
1723 2254 2022 2322 hortatur
2066 2264 2138 2321 ut
2175 2255 2476 2322 defuncto
2516 2254 2752 2322 marito

618 2373 814 2440 fidam
868 2381 1122 2439 servent
1175 2370 1594 2452 memoriam,
1655 2390 1775 2438 nec
1824 2390 2061 2437 novum
2126 2380 2465 2459 appetant,
2506 2370 2744 2458 quibus

616 2485 991 2554 imitandam
1073 2486 1381 2575 proponit
1450 2485 1978 2569 Andromachen,
2067 2507 2214 2573 quae
2277 2485 2526 2574 {invisas
2596 2508 2744 2554 cum

612 2599 1031 2687 Neoptolemo
1070 2599 1325 2687 nuptias
1364 2599 1689 2687 deplorat,
1745 2598 2025 2687 quippe,
2085 2607 2274 2665 exuta
2319 2619 2472 2685 erga
2512 2599 2746 2667 Hecto-

612 2736 750 2783 rem
788 2714 955 2799 fide,
1000 2725 1073 2782 ut
1108 2716 1303 2782 istum
1356 2715 1579 2802 diligat
1626 2715 1871 2798 virum,
1930 2715 2226 2804 improba
2272 2714 2618 2798 videbitur,
2680 2726 2743 2782 et

610 2849 754 2897 eam
818 2829 1231 2898 abominatur
1293 2829 1668 2911 mulierem,
1740 2849 1918 2917 quae,
1988 2828 2226 2917 prioris
2290 2830 2435 2896 lecti
2504 2831 2735 2912 oblita,

605 2946 882 3012 alterum
920 2953 1176 3030 gratum
1214 2943 1420 3032 possit
1447 2943 1693 3010 habere
1733 2941 1837 3029 (3).

692 3059 788 3126 Ita
853 3080 891 3125 a
953 3058 1192 3147 poetiS,
1264 3078 1549 3145 quorum
1610 3054 1970 3123 doctrinam
2036 3063 2425 3138 scrutamur,
2510 3066 2736 3124 mutua

603 3171 952 3258 conjugum
988 3170 1198 3238 officia
1234 3171 1400 3238 mire
1438 3170 1842 3237 illustrantur
1878 3190 1954 3236 ac
1990 3168 2459 3236 confirmantur
2495 3189 2736 3257 magno

602 3285 1042 3373 exemplorum
1100 3285 1424 3372 pondere,
1489 3294 1564 3351 ut
1607 3284 1745 3350 viro
1796 3293 1904 3350 aut
1949 3282 2209 3349 mulieri
2257 3292 2510 3350 sacrata
2553 3284 2737 3371 jure-

591 3396 876 3484 jurando
939 3398 1185 3466 foedera
1260 3398 1547 3486 qualibet
1623 3396 1873 3464 ratione
1931 3396 2399 3483 ,frangentibus
2473 3398 2734 3465 nullum

598 3513 967 3599 praebeatur
1008 3511 1344 3599 effugium.
1645 3511 1648 3514 ’

656 3677 728 3739 (1)
750 3678 983 3741 Euripid.
1009 3677 1211 3740 Hippol.
1246 3677 1359 3726 645.

656 3763 729 3826 (2)
748 3767 811 3814 Σὺ
840 3767 880 3813 δ’
906 3768 964 3825 ἦν
987 3785 1032 3816 τι
1056 3768 1280 3829 κνισθῇς,
1304 3767 1334 3824 ἤ
1363 3765 1591 3846 Αάκαινοι
1623 3765 1707 3825 μὲν
1730 3763 1871 3817 πόλις

752 3852 852 3913 μέγ’
880 3852 1012 3911 ἐστὶ,
1038 3853 1123 3909 τήν
1145 3852 1198 3900 δὲ
1222 3855 1404 3916 Σκῦρον
1431 3853 1655 3913 οὐδαμοῦ
1679 3850 1809 3907 τίθης
1829 3887 1841 3908 ,

747 3942 973 3995 πλουτεῖς
995 3939 1089 3986 δ’ἐν
1115 3940 1171 3988 οὐ
1196 3943 1494 3999 πλουτοῦσι,
1519 3939 1770 3993 Μενέλεως
1791 3938 1843 3985 δέ
1868 3953 1950 3985 σοι

754 4027 925 4088 μείζων
950 4024 1219 4088 Ἀχιλλέως.
1246 4027 1412 4075 Ταῦτά
1434 4028 1508 4075 τοί
1534 4028 1578 4073 σ’
1603 4025 1729 4087 ἔχθει
1756 4024 1915 4078 πόσις.
1962 4022 2195 4084 Euripid.
2222 4022 2469 4070 Androm.
2498 4020 2608 4070 209.

658 4113 730 4173 (3)
756 4113 982 4174 Euripid.
1011 4113 1193 4160 Troad.
1222 4112 1333 4160 655.
