3064 4949
1228 483 1538 552 -3-

323 632 582 698 riuntur
638 631 810 698 haud
863 629 1415 718 praetermittenda
1462 650 1476 693 ε
1538 648 1684 715 quae
1747 629 1948 694 multo
2010 628 2197 715 plura
2248 626 2441 693 etiam

323 754 762 827 occurrerent,
783 753 856 812 ut
869 764 945 812 ex
964 743 1451 832 deperditorum
1474 762 1748 830 operum
1770 740 2146 827 fragmentis
2166 752 2437 824 constat,

326 859 380 926 si
440 880 672 928 omnes
723 859 971 946 integre
1024 859 1444 926 referrentur.
1512 858 1672 926 Fere
1728 877 2274 945 supervacaneum
2349 865 2472 949 estv

326 973 544 1042 dicere
580 973 961 1061 Sophoclem
997 973 1066 1039 in
1102 993 1243 1041 rem
1278 973 1656 1041 incumbere
1677 1025 1694 1055 ,
1751 972 1947 1061 idque
1983 993 2189 1040 unum
2237 971 2449 1039 elabo-

326 1088 564 1157 ravisse
600 1088 803 1156 videri
841 1099 914 1155 ut
950 1089 1125 1156 varia
1173 1088 1445 1177 hujusce
1483 1088 1739 1176 generis
1792 1090 2169 1178 praescripta
2214 1089 2449 1157 confir-

328 1213 537 1271 maret
572 1212 637 1270 et
685 1202 1058 1271 illustraret.
1115 1202 1598 1291 Amplissimam
1647 1223 1907 1293 quoque
1947 1212 2230 1291 segetem
2275 1203 2448 1292 apud

330 1317 702 1406 Euripidem
739 1317 1027 1406 reperies
1048 1371 1063 1401 ,
1106 1317 1218 1405 qui
1258 1317 1336 1384 ab
1377 1317 1807 1405 Aristophane-
1851 1339 1982 1386 non
2031 1319 2168 1386 sine
2205 1317 2446 1406 injuria

331 1444 427 1500 est
463 1432 796 1499 lacessitus
836 1432 1011 1519 quod
1049 1453 1085 1500 a
1123 1431 1427 1520 dignitate
1466 1432 1681 1521 operis
1720 1432 2169 1515 declinaverit,
2200 1431 2449 1521 potius-

334 1568 461 1635 que
499 1547 868 1635 corruperit
907 1547 1203 1615 homines
1248 1567 1446 1636 quam
1491 1547 1933 1615 informaverit
1970 1548 2050 1614 ad
2086 1548 2389 1615 virtutem
2431 1568 2446 1612 ι

324 1670 529 1749 *quem
610 1661 807 1729 etiam
879 1661 1335 1729 demonstrabo
1412 1662 1859 1750 frequentibus
1930 1682 2052 1730 nec
2150 1682 2457 1750 spernen-

333 1775 429 1843 dis
488 1775 885 1863 argumentis
906 1829 922 1858 ‚
983 1796 1167 1844 more
1240 1785 1642 1860 ceterorum,
1707 1777 1788 1844 ad
1857 1777 2025 1845 hanc
2093 1778 2455 1845 doctrinam

333 1891 733 1978 permultum
770 1891 1146 1959 contulisse.

423 2006 555 2075 Nec
605 2006 785 2094 parvi
834 2006 1145 2073 momenti
1196 2015 1368 2089 erat,
1415 2006 1540 2074 illis
1582 2007 2015 2095 temporibuS‚
2058 2007 2196 2076 haec
2248 2006 2458 2075 officia

336 2118 708 2207 praedicari,
774 2119 1149 2208 firmarique
1205 2120 1470 2202 domOS,
1526 2121 1947 2187 memorando
2006 2142 2150 2208 quae
2206 2120 2337 2188 sint
2394 2130 2459 2188 et

336 2234 754 2323 parentibus,
797 2245 860 2302 et
894 2234 1146 2317 liberiS‚
1199 2246 1264 2302 et
1299 2234 1678 2325 conjugibus
1729 2236 2058 2303 servanda.
2102 2236 2255 2314 Quae
2291 2256 2456 2324 prae-

340 2358 554 2436 cepta,
607 2348 897 2437 quamvis
947 2348 1125 2414 omni
1161 2348 1334 2416 aetati
1385 2369 1459 2417 ac
1510 2349 1776 2416 cuilibet
1812 2350 2162 2418 conditioni
2202 2371 2458 2440 semper

337 2473 696 2551 congruant
747 2472 1140 2552 opportuna,
1202 2472 1352 2532 sunt
1397 2473 1614 2532 tamen
1668 2464 2056 2553 quibusdam
2105 2463 2174 2530 in
2235 2462 2463 2532 discri-

338 2578 657 2660 minibus,
708 2578 1035 2646 mentibus
1081 2578 1420 2646 hominum
1464 2579 1875 2668 potissimum
1926 2579 2346 2667 subjicienda.
2399 2580 2463 2649 Si

340 2694 512 2760 enim
548 2693 755 2781 poetis
793 2694 1017 2760 credas
1055 2703 1119 2761 et
1156 2693 1567 2782 Aristophani
1604 2702 1751 2762 ante
1789 2703 2070 2777 ceterOS,
2102 2695 2215 2783 qui
2244 2714 2460 2761 mores

342 2806 690 2895 aequalium
713 2808 1038 2895 'expressit
1076 2816 1139 2874 et
1177 2808 1492 2875 acerrime
1529 2808 1798 2891 notavit,
1854 2808 2064 2875 studia
2115 2808 2467 2876 domestica

346 2930 408 2988 et
450 2922 589 2989 istae
639 2921 1084 2990 sacratissimae
1132 2922 1340 3009 leges,
1396 2944 1470 2990 ex
1516 2923 2003 3010 perturbatione
2054 2933 2466 2991 externorum

348 3036 930 3124 intestinorumque
966 3034 1324 3120 bellorum,
1355 3058 1431 3105 ex
1458 3037 1866 3125 ingeniorum
1906 3037 2247 3126 pravitate,
2282 3058 2467 3125 paene

350 3159 764 3217 evanuerant.
817 3151 1173 3218 Horremus
1226 3171 1380 3218 sane
1425 3152 1712 3239 legentes
1760 3151 2001 3240 scripta
2045 3152 2126 3219 de
2171 3151 2469 3240 pessimis

348 3264 415 3330 in
452 3265 773 3332 masculos
811 3265 1141 3333 amoribus
1163 3319 1179 3348 ‚
1219 3267 1296 3333 de
1316 3266 1631 3354 juvenum
1659 3267 2026 3355 corruptela
2048 3319 2064 3348 ‚
2108 3266 2188 3333 de
2226 3287 2471 3334 connu-

348 3377 609 3444 biorum
662 3377 948 3445 foeditate
1011 3378 1133 3466 (1).
1209 3379 1388 3446 Idem
1463 3378 1910 3467 philosophos,
1986 3378 2146 3446 falso
2206 3377 2469 3446 nomine

352 3491 708 3579 sapienteS,
751 3492 1000 3560 inducit
1056 3491 1223 3561 filios
1285 3494 1588 3561 docentes
1642 3503 1857 3581 patres
1920 3503 2368 3575 contemnere,
2411 3501 2475 3560 et

350 3604 682 3688 deridere,
721 3616 784 3673 et
822 3606 1029 3695 plagis
1065 3607 1322 3675 afficere
1352 3630 1369 3690 ;
1409 3628 1684 3696 pueros,
1725 3627 2025 3694 perversa
2062 3607 2281 3695 priore
2318 3608 2475 3675 edu-

350 3719 602 3788 catione
626 3773 642 3802 ,
712 3721 1025 3808 genitrice
1082 3722 1369 3789 virorum
1432 3722 1877 3811 egregiorum,
1931 3722 2338 3791 instituentes
2398 3723 2477 3789 ad

353 3843 586 3922 turpes
622 3842 686 3901 et
724 3836 950 3903 stultas
988 3836 1457 3924 disputationes
1491 3835 1616 3924 (2).

408 4000 489 4064 (1)
513 4000 774 4065 Aristoph.
809 4002 943 4051 Fest.
973 4002 1148 4053 Cerer.
1175 4007 1229 4053 et
1253 4003 1492 4066 Proserp.

409 4086 488 4148 (2)
516 4087 591 4135 Id.
620 4088 817 4139 NubeS.
