3064 4949
1207 506 1560 577 ...59-

321 645 447 713 bus
478 646 800 716 licentiam
836 650 1111 717 fortasse
1147 651 1485 718 arbitreris
1517 651 1614 738 (1)
1650 673 1663 717 :
1708 652 1773 719 id
1810 669 1962 719 vero
2008 653 2215 738 poetis
2250 654 2442 720 mini-

321 779 425 829 me
460 762 832 849 probatum.
875 765 1209 863 AEschylus
1249 766 1425 833 enim
1461 767 1672 837 causis
1719 767 1896 834 ne'cis
1945 767 2442 854 Agamemnonis

321 888 709 945 annumerat
742 889 946 967 pactae
982 879 1132 947 fidei
1170 879 1583 949 violationem
1628 881 2016 970 illicitosque
2072 880 2444 950 Cassandrae

321 990 729 1081 aliarumque
765 994 1129 1082 puellarum
1167 1012 1461 1077 amores;
1503 996 1677 1083 quod
1714 990 1876 1063 adeo
1920 995 2138 1063 minus
2173 996 2446 1064 honesto

323 1103 829 1174 consentaneum
891 1108 1189 1190 habetur,
1268 1119 1342 1177 ut
1406 1109 1528 1176 hac
1596 1109 1665 1176 in
1737 1109 1967 1198 primis
2038 1109 2446 1177 excusatione

322 1219 517 1288 caedis
557 1230 777 1289 utatur
825 1218 1337 1310 Clytaemnestra3
1381 1223 1625 1292 scilicet
1661 1246 1675 1289 ε
1716 1224 1889 1314 jacet
1923 1224 2075 1307 iste,
2130 1224 2243 1311 qui
2288 1212 2444 1291 Tro-

313 1331 488 1419 janis
525 1334 864 1422 pellicibus
923 1332 1385 1419 delectabatur,
1429 1337 1604 1425 jacet
1645 1352 1776 1404 una
1836 1356 1984 1404 cum
2038 1337 2438 1419 concubina,

323 1446 454 1514 fida
490 1448 614 1516 tori
657 1448 862 1531 socia,
905 1449 1140 1517 merito
1180 1448 1494 1540 supplicio
1531 1449 1798 1518 affectus
1830 1449 1952 1539 (2).

412 1562 613 1629 Instat
652 1562 998 1650 Sophocles
1032 1563 1385 1631 illustriore
1435 1565 1849 1632 documento,
1895 1563 2243 1651 Postquam
2282 1564 2447 1631 Her·-

324 1674 534 1758 culeS,
587 1676 797 1764 ruptis
853 1676 1136 1765 conjugii
1195 1677 1588 1760 foederibus,
1640 1678 1817 1746 Iolen
1874 1676 1943 1744 in
2005 1679 2176 1746 aedes
2233 1678 2450 1746 intro*

230 1770 241 1775 ff
326 1789 535 1872 duxit,
577 1790 876 1878 Dejanira
910 1810 1095 1875 uxor,
1139 1792 1258 1860 etsi
1294 1770 1431 1859 viro
1467 1791 1581 1880 qui
1619 1790 1743 1860 hoc
1777 1792 1929 1860 vitio
1980 1792 2218 1879 saepius
2266 1788 2449 1859 labo-

329 1903 514 1971 ravit—
536 1922 670 1972 non
729 1905 1055 1989 irascitur,
1120 1907 1254 1974 imo
1314 1906 1587 1973 infidum
1622 1902 1866 1993 diligit,
1937 1906 2189 1994 optimo
2231 1915 2448 1972 tamen

316 2017 470 2105 jure
527 2019 827 2106 queritur
877 2020 957 2087 de
1016 2018 1295 2088 admissa
1358 2018 1427 2086 in
1483 2029 1700 2107 partes
1756 2020 1996 2087 amoris
2045 2018 2442 2101 concubina,

326 2152 597 2224 nempe,
638 2137 969 2224 quomodo
1009 2137 1323 2204 sustineat
1365 2154 1513 2204 cum
1564 2137 1687 2204 ista
1734 2137 2031 2204 habitare
2065 2154 2341 2223 eamque
2381 2136 2450 2203 in

329 2249 733 2338 conjugalem
764 2259 980 2318 torum
1017 2251 1310 2338 recipere
1332 2299 1350 2334 ,
1384 2270 1590 2339 quum
1618 2252 1678 2318 ei
1707 2251 1938 2318 floreat
1963 2251 2031 2318 in
2066 2251 2203 2318 dies
2227 2250 2451 2338 juven-

326 2373 469 2446 tus,
514 2365 634 2432 sibi
673 2386 824 2433 vero
862 2376 1218 2445 marcescat
1259 2386 1272 2431 ε
1330 2383 1532 2455 quare
1575 2365 1805 2434 metuit
1851 2384 1933 2432 ne
1981 2382 2136 2432 suus
2186 2362 2451 2453 quidem

327 2479 564 2567 conjux
597 2490 1013 2569 nuncupetur
1050 2479 1391 2562 HerculeS,
1434 2482 1517 2549 sit
1552 2492 1769 2549 autem
1802 2481 2293 2549 adolescentulae
2321 2479 2444 2569 (3).

328 2593 463 2661 Nec
499 2594 810 2663 ultionem
846 2595 1219 2677 meditatur,
1274 2598 1354 2664 de
1403 2596 1699 2664 remedio
1748 2605 1998 2663 tantum
2050 2595 2286 2682 cogitat
2320 2611 2453 2683 quo

329 2708 400 2775 in
437 2709 746 2797 pristinos
783 2726 1015 2778 sensus
1049 2711 1431 2779 restituatur
1467 2711 1816 2793 Hercules3
1849 2721 2083 2798 parant
2110 2721 2325 2777 autem
2361 2709 2453 2777 dii

321 2819 487 2911 justi
524 2826 892 2895 vindictam.
938 2827 1237 2895 Defertur
1286 2828 1462 2894 enim
1508 2828 1588 2894 ad
1637 2827 1885 2909 virum,
1940 2826 2182 2894 amoris
2226 2825 2453 2892 invita—

333 2948 665 3022 mentum,
731 2940 950 3009 tunica
1007 2941 1319 3027 sanguine
1382 2940 1568 3009 Nessi
1643 2941 1951 3023 intincta3
2006 2959 2200 3027 quam
2261 2938 2456 3006 simul

329 3062 529 3141 atque
565 3053 812 3138 induit,
857 3072 1093 3143 corpus
1131 3057 1210 3124 ad
1249 3070 1396 3123 ossa
1429 3055 1868 3137 comburitur3
1910 3074 2030 3121 nec
2064 3053 2322 3121 conscia
2360 3062 2458 3119 est

334 3168 570 3255 conjux
591 3221 606 3250 ,
650 3189 854 3256 quum
890 3190 1030 3237 rem
1070 3190 1145 3237 ex
1180 3170 1434 3257 integro
1471 3169 1816 3257 perfecerit
1841 3168 2095 3257 justitia
2132 3183 2414 3253 superna
2435 3219 2451 3246 ,

335 3281 711 3348 mortalium
748 3282 1141 3351 facinoribus
1179 3283 1465 3371 pretium
1515 3284 1882 3371 rependens
1902 3304 1922 3363 3
1969 3302 2089 3349 nec
2132 3281 2457 3349 adstantes

336 3396 629 3483 praeterit
652 3396 764 3483 qui
799 3396 1115 3465 Venerem
1140 3397 1361 3465 dicun-t
1385 3398 1797 3465 manifestam
1819 3395 2198 3485 apparuisse
2222 3395 2460 3461 horum

396 3579 469 3641 (1)
493 3580 555 3629 Et
581 3594 791 3643 revera,
829 3581 931 3630 illis
962 3581 1311 3643 temporibus»,
1344 3580 1782 3644 frequentissimae
1817 3580 1941 3630 viris
1972 3577 2275 3628 concubinas
2297 3576 2459 3638 (Ana-

335 3668 565 3729 charsiS,
594 3668 691 3730 ΠΙ,
727 3667 868 3730 118);
907 3668 992 3717 cui
1013 3672 1189 3717 tamen
1223 3669 1451 3731 pessimo
1477 3669 1612 3718 mori
1643 3669 1732 3718 lex
1767 3668 2161 3728 adversabatur,
2194 3678 2294 3714 nec
2326 3664 2461 3727 patri

333 3768 648 3804 concessum
671 3755 837 3804 ullam
861 3756 1119 3805 bonorum
1143 3745 1347 3818 partem
1375 3757 1568 3819 spuriis
1591 3756 1746 3818 tradi,
1772 3770 1871 3805 nec
1891 3755 2094 3804 licitum
2117 3761 2208 3803 eos
2230 3753 2286 3802 in
2310 3752 2461 3815 phra—

333 3842 493 3891 triam
520 3842 711 3916 scribi,
741 3847 830 3892 aut
857 3858 1005 3893 sacra
1038 3833 1625 3908 domestica'peragere,
1663 3841 1806 3909 Νόθῳ
1844 3843 1898 3893 δὲ
1929 3843 2053 3907 μήδε’
2079 3843 2197 3906 νόθῃ
2234 3853 2300 3904 μῃ
2335 3841 2460 3890 εἶναι

336 3918 628 3995 ἀγχιστείαν·
652 3933 759 3995 μήθ’
790 3936 931 3998 ἱερῶν
958 3935 1067 3997 μήθ’
1097 3935 1266 3984 ὁσίων.
1295 3934 1511 3996 (Isaeus‚
1538 3933 1602 3983 de
1629 3931 1934 3981 Philoclem.
1960 3930 2167 3992 heracl.)

398 4017 474 4080 (2)
491 4018 717 4081 AEschyl.
739 4019 926 4083 Agam.
951 4019 1180 4070 1438-45.

401 4104 476 4168 (3)
497 4106 737 4170 Sophocl.
769 4105 1009 4160 Trachin,
1031 4106 1257 4159 543-550.
