3064 4949
1186 472 1541 543 ..97-

302 612 719 684 annumerari
756 615 965 702 placet
992 614 1217 685 Ionem
1244 613 1390 701 qui,
1431 623 1615 703 patre
1645 623 2033 702 recuperato
2057 666 2073 695 ‚
2116 634 2248 681 non
2286 616 2425 685 fore

304 721 427 794 sibi
463 723 816 812 perfectam
852 724 1224 796 felicitatem
1274 725 1621 814 praedicat,
1677 726 1802 794 nisi
1856 736 2132 795 matrem
2166 747 2426 817 quoque

301 836 539 907 habeat
593 837 1022 924 diligendam;
1086 860 1290 928 quare
1355 860 1369 907 t
1435 863 1468 907 α
1521 840 1574 909 O
1625 839 1959 908 carissima
2008 850 2239 923 mater,
2297 841 2426 925 ait,

301 970 722 1038 nunquamne
766 961 951 1019 tuum
1004 951 1199 1020 etiam
1249 949 1506 1021 vultum
1526 951 1870 1039 aspiciam;
1903 974 2077 1023 nunc
2114 963 2209 1033 te,
2251 973 2425 1042 quaev

302 1083 582 1150 cumque
619 1085 687 1133 es
725 1065 933 1152 magis
969 1086 1166 1154 quam
1203 1075 1394 1135 antea
1427 1065 1669 1133 intueri
1705 1075 1934 1154 exopto
1976 1066 2098 1152 (1).
2144 1087 2179 1132 ι)

392 1177 564 1259 lmo,
607 1178 743 1249 haec
794 1179 1031 1247 amoris
1075 1179 1455 1267 praescripta
1504 1180 1665 1249 adeo
1709 1180 1898 1247 firma
1943 1190 2326 1268 permanent
2356 1190 2427 1249 ut

304 1290 482 1361 nulla
543 1311 769 1373 causa,
836 1313 919 1359 ne
974 1302 1319 1381 parentum
1384 1292 1648 1383 quidem
1714 1293 1952 1381 culpiS‚
2018 1292 2422 1376 aboleantur,

304 1423 508 1493 quum
546 1403 629 1473 sit
664 1404 820 1473 boni
856 1405 973 1475 filii
1021 1414 1134 1475 aut
1184 1426 1412 1477 eorum
1451 1425 1647 1473 noxas
1699 1425 1829 1474 non
1881 1406 2421 1489 animadvertere,

304 1527 418 1587 aut
465 1518 558 1587 eis
605 1518 855 1587 veniam
901 1521 1088 1602 dare,
1141 1530 1522 1607 naturaeque
1574 1519 1825 1605 legibus
1870 1530 2189 1608 repugnet
2224 1519 2428 1588 filium

303 1631 373 1703 in
410 1643 662 1720 patrem
697 1634 1134 1705 criminatoris
1168 1655 1352 1705 more
1379 1634 1616 1703 invehi.
1651 1635 1781 1703 Nec
1808 1634 2043 1703 desunt
2070 1634 2137 1703 in
2167 1634 2425 1716 fabulis,

303 1767 465 1834 quas
529 1747 981 1836 explanamus,
1045 1750 1127 1817 de
1183 1749 1307 1817 hoc
1366 1748 1581 1819 officio
1636 1758 1958 1837 praecepta
1982 1770 2000 1829 ;
2068 1746 2430 1835 legentibus

304 1859 479 1931 enim
523 1861 805 1932 occurrit
853 1861 1160 1931 eximium
1206 1862 1555 1950 exemplar,
1599 1860 2003 1950 Hippolytus.
2050 1859 2198 1942 Cui,
2240 1860 2429 1931 inno-

305 1993 500 2043 cuum
537 1976 828 2063 quamvis
877 1977 1160 2045 Theseus
1208 1976 1278 2043 in
1324 1996 1644 2045 summam
1696 1975 2023 2044 miseriam
2067 1975 2431 2044 inconsulta

304 2098 371 2159 et
406 2086 629 2174 iniqua
664 2089 980 2159 sententia
1017 2089 1399 2172 detruserit,
1444 2091 1626 2158 adest
1664 2110 1699 2158 e
1735 2090 1898 2159 coelo
1937 2089 2137 2158 Diana
2173 2110 2322 2177 quae
2347 2090 2436 2177 ad

302 2203 770 2290 ignoscendum
805 2204 976 2291 patri
1014 2205 1334 2285 hortetur,
1379 2214 1443 2272 et
1477 2225 1563 2273 ne
1601 2224 1753 2273 eum
1799 2203 1951 2272 odio
1998 2211 2430 2292 prosequatur

303 2326 605 2409 moneat.x
633 2317 764 2385 Nec
801 2316 1052 2385 monitu
1091 2316 1337 2404 indiget
1363 2316 1621 2405 juvenis
1659 2316 1975 2404 optimuS‚
2009 2337 2175 2404 puro
2212 2314 2429 2384 animo

304 2450 552 2520 pronus
590 2432 668 2499 ad
704 2430 973 2500 virtutes
1011 2451 1269 2514 omnes»,
1315 2431 1460 2520 qui,
1503 2433 1784 2500 lacerato
1822 2451 2128 2519 corpore,
2188 2429 2428 2500 dolori·

304 2544 428 2616 bus
466 2545 787 2614 cruciatus
821 2545 1287 2626 acerbissime,
1319 2565 1539 2614 coram
1576 2555 1791 2633 patre,
1826 2546 1907 2614 ad
1946 2545 2246 2613 solatium
2281 2544 2431 2613 affe-

302 2659 608 2742 rendum,
632 2658 910 2728 affirmat
937 2681 1006 2730 se
1034 2680 1165 2730 non
1187 2659 1526 2748 proprium
1553 2679 1777 2730 casum
1801 2659 1913 2728 sed
1939 2658 2133 2741 illius,
2163 2666 2432 2746 propter

305 2772 483 2839 hunc
541 2793 868 2856 errorem,
911 2774 1320 2862 potissimum
1373 2773 1749 2861 deplorare,
1793 2772 2015 2861 sicque
2076 2772 2207 2840 fato
2261 2771 2429 2842 hanc

304 2906 542 2956 noxam
598 2886 905 2955 adscribit
970 2897 1034 2956 et
1088 2887 1307 2975 potius
1362 2887 1558 2956 habet
1619 2887 1797 2955 deos.
1839 2906 2035 2974 quam
2093 2893 2428 2973 parentem

303 3001 664 3070 criminari.
734 3001 853 3080 Qui
912 3001 1216 3089 rogitanti
1283 3001 1530 3069 Theseo
1580 3023 1593 3066 z
1655 3023 1690 3068 α
1736 3001 1938 3083 Num,
2004 3000 2223 3067 relicta
2284 3020 2429 3070 mea

303 3124 525 3184 mente
559 3117 834 3203 polluta,
891 3116 1162 3198 occidiS,
1205 3138 1240 3183 ο
1281 3117 1633 3205 respondet
1673 3137 1686 3181 ε
1732 3137 1766 3182 α
1823 3115 1911 3183 Te
1958 3116 2039 3184 ab
2081 3116 2203 3184 hac
2252 3115 2428 3184 caede

305 3228 568 3299 absolvo
604 3267 691 3280 —-
725 3229 889 3308 Quid
936 3229 1074 3296 ais?
1135 3230 1232 3298 Me
1289 3251 1327 3297 a
1386 3230 1699 3317 sanguine
1752 3229 2032 3300 liberas?
2079 3267 2168 3283 -—-
2205 3229 2430 3297 Testor

306 3342 580 3412 Dianam
619 3343 864 3431 sagittis
897 3352 1230 3432 potentem
1252 3381 1342 3398 --
1363 3343 1414 3413 Ο
1440 3342 1803 3426 carissime,
1844 3364 2039 3432 quam
2074 3363 2428 3431 generosus

306 3477 381 3525 es
416 3457 484 3526 in
522 3469 772 3545 patrem
802 3457 938 3546 (2ss
982 3480 1016 3524 n

341 3589 350 3596 ι
432 3612 508 3675 (1)
529 3607 567 3662 ὦ
597 3615 706 3678 φίλη
735 3621 882 3679 μῆτερ
901 3653 914 3676 ,
936 3618 1050 3676 πὸτ,
1075 3616 1171 3680 ἆρα
1190 3618 1273 3666 καὶ
1295 3618 1381 3667 σὸν
1404 3617 1590 3679 ὄψομαι
1613 3616 1759 3678 δέμας

466 3706 550 3750 νῦν
572 3703 708 3752 ποθῶ
734 3719 792 3754 σε
816 3704 996 3766 μᾶλλον
1024 3705 1054 3762 ἢ
1083 3705 1221 3768 πρὶν,
1243 3705 1347 3762 ἥτις
1370 3703 1415 3752 εἷ
1436 3704 1568 3762 ποτ’,
1593 3704 1806 3753 εἰσιδεῖν.
1839 3701 2014 3764 Eurip.
2040 3702 2149 3751 Ion.
2172 3700 2282 3749 563.

371 3787 445 3849 (2)
465 3814 527 3825 —
554 3825 646 3839 .....
667 3794 729 3840 Σε
751 3790 892 3840 τοῦδε
915 3790 1149 3855 ἐλευθερῶ
1170 3791 1316 3854 φόνου
1331 3832 1342 3854 ,

466 3900 527 3909 -
555 3875 615 3925 Τί
640 3876 762 3938 φής;
786 3876 929 3940 ἀφίης
949 3877 1154 3939 αἵματός
1175 3877 1504 3943 μ’ὲλεύῦιρονς

468 3986 529 3996 ·-·
550 3964 650 4020 Τὴν
669 3964 957 4026 τοξόδαμνον
980 3962 1196 4029 Ἄρτεμιν
1223 3966 1546 4030 μαρτύρομαι.

468 4076 530 4086 -
552 4048 613 4099 Ὦ
634 4050 816 4113 φίλταθ’
846 4055 910 4108 ὡς
928 4057 1146 4132 γενναῖος
1167 4053 1380 4115 ἐκφαίνει
1404 4054 1570 4117 πατρί.
1606 4051 1783 4114 Eurip.
1810 4051 2012 4118 Hippoi.
2039 4051 2181 4106 1449.
