3064 4949
1270 460 1624 530 -45-

387 625 582 694 quam
617 604 810 672 matri
848 604 1112 687 dilecto,
1154 624 1276 671 nec
1312 604 1659 692 quisquam
1697 625 1769 672 ex
1807 605 2080 688 familia,
2144 609 2253 675 sed
2292 629 2412 695 ego
2450 620 2510 678 te

385 712 751 789 nutriebam
794 720 919 808 (1).
968 741 1001 785 1>
2406 797 2415 806 .

476 835 663 902 Hunc
725 842 950 922 postea
1006 833 1232 901 eadem
1289 833 1672 902 auctoritate
1727 835 1922 921 regit,
1990 847 2055 904 et
2111 836 2182 903 in
2235 837 2510 907 vindicta

385 948 619 1038 patriS,
664 950 757 1016 es't
793 947 1012 1037 operis
1062 959 1125 1015 et
1173 957 1399 1016 auctor
1442 958 1506 1016 et
1557 949 1683 1016 dux
1726 969 1741 1015 ε
1787 949 1893 1017 cui
1931 949 2128 1018 etiam
2172 951 2254 1019 ob
2294 952 2506 1020 scelus

383 1066 463 1134 ab
500 1065 870 1134 hominibus
908 1076 1101 1153 atque
1140 1085 1177 1131 a
1213 1063 1334 1132 diis
1375 1065 1692 1151 exagitato
1742 1085 1934 1154 opem
1972 1066 2144 1134 haud
2182 1067 2504 1137 minorem

382 1180 692 1270 impertit.
747 1180 898 1261 Quae
947 1178 1332 1262 dormienti,
1374 1180 1454 1245 ad
1500 1181 1738 1247 lectum
1798 1179 2119 1264 assidenS,
2181 1181 2503 1268 invigilat,

381 1306 597 1365 custos
655 1304 927 1378 attenta,
991 1294 1337 1362 invisentes
1396 1296 1753 1363 admonens
1813 1296 2120 1363 mulieres
2183 1307 2256 1365 ut
2316 1299 2510 1367 tacito

382 1414 546 1502 pede
598 1412 935 1493 incedant,
985 1430 1067 1477 ne
1129 1420 1452 1498 strepant,
1502 1431 1587 1478 ne
1650 1410 1889 1478 faciant
1938 1411 2244 1479 sonitum.
2308 1414 2504 1497 Dein,

382 1528 723 1596 excitatum
772 1526 1065 1594 Orestem
1122 1524 1400 1612 benigna
1454 1545 1609 1592 voce
1670 1524 2062 1612 alloquitur3
2118 1547 2303 1610 nam,
2374 1551 2409 1595 ε(
2459 1529 2510 1597 Ο

379 1640 745 1723 carissime,
811 1639 1054 1727 inquit,
1121 1648 1429 1726 quantam
1492 1637 1651 1704 mihi
1701 1638 1992 1706 laetitiam
2051 1659 2277 1736 somno
2339 1651 2509 1710 attu—

376 1757 550 1825 listi!
616 1755 720 1823 Vis
782 1763 1176 1822 contrectem
1239 1773 1473 1840 corpus
1525 1761 1591 1820 et
1641 1752 1946 1840 erigam?
1998 1774 2033 1818 ))
2108 1753 2222 1822 Cui
2280 1756 2503 1840 frater,

380 1892 417 1937 α
466 1868 927 1958 Apprehende,
995 1866 1112 1949 ait,
1174 1876 1238 1934 et
1302 1875 1672 1933 concretam
1722 1863 1822 1933 ori
1875 1865 2115 1934 misero
2180 1878 2243 1935 et
2302 1870 2508 1937 oculis

376 1985 539 2053 meis
576 2002 874 2073 spumam
912 1981 1229 2068 absterge.
1276 2002 1312 2047 ι)
1353 1980 1516 2047 Tum
1568 1979 1675 2047 illa
1710 2002 1724 2048 ε
1776 2003 1809 2047 (ε
1853 1980 1922 2047 Id
1962 1980 2243 2049 officium
2282 2005 2501 2068 suave,

376 2121 499 2168 nec
522 2119 753 2166 recuso
779 2095 996 2164 fratris
1026 2096 1322 2164 membra
1348 2094 1590 2163 sororis
1616 2115 1811 2162 manu
1843 2115 2072 2163 curare
2102 2096 2228 2184 (2).
2267 2119 2300 2163 1)
2330 2099 2501 2183 Imo,

373 2224 614 2304 praesto
652 2224 751 2282 est
782 2212 1089 2281 voluntati
1128 2211 1496 2299 aegrotantis
1526 2222 1591 2279 et
1623 2196 1937 2278 mutantis
1976 2233 2147 2300 saepe
2186 2213 2502 2298 animum,

374 2331 523 2418 qui,
570 2353 604 2397 c<
641 2349 873 2396 rursus
909 2347 1014 2394 me
1053 2327 1121 2394 in
1159 2328 1399 2394 lectum
1437 2326 1734 2393 reclines.
1773 2348 1808 2392 »
1850 2365 1937 2375 -
1976 2326 2101 2409 En,
2145 2348 2369 2395 carum
2411 2338 2508 2396 est

374 2447 605 2515 morbo
671 2443 990 2513 laboranti
1054 2441 1287 2511 cubile.
1333 2481 1422 2493 -
1470 2442 1717 2510 Iterum
1768 2460 1873 2509 me
1922 2441 2162 2530 erigaS,
2218 2443 2506 2512 revolvas

373 2582 611 2651 corpus
672 2582 686 2626 z
736 2558 1146 2648 impatientes
1198 2567 1349 2625 sunt
1395 2557 1621 2645 aegroti
1661 2558 1743 2625 ob
1791 2557 1992 2624 animi
2040 2577 2373 2645 angorem.
2417 2597 2506 2609 ——

370 2676 561 2745 Visne
623 2673 820 2741 etiam
896 2674 1096 2762 pedes
1163 2671 1503 2740 demittere
1566 2681 1628 2739 et
1680 2673 1981 2740 incedere
2034 2673 2208 2740 lento
2235 2674 2499 2760 'gradu;

369 2788 736 2856 vicissitudo
775 2788 949 2856 enim
987 2788 1280 2856 omnium
1327 2809 1549 2855 rerum
1579 2788 1869 2877 jucunda
1915 2798 2034 2856 est.
2082 2810 2115 2854 2>
2169 2789 2498 2873 ProfectO,

369 2901 553 2970 filioli
595 2912 798 2971 mater
850 2922 982 2970 non
1041 2912 1140 2969 est
1191 2902 1543 2971 studiosior
1598 2924 1611 2968 ε
1678 2923 1917 2990 quare,
1970 2904 2231 2971 sceleris
2267 2904 2502 2992 prioris

369 3036 560 3103 poene
599 3017 1050 3099 immemoreS,
1094 3015 1236 3083 illos
1276 3016 1358 3083 ob
1401 3024 1702 3084 mutuum
1738 3036 2059 3098 amorem,
2111 3016 2503 3085 miseramur

368 3152 444 3200 ac
481 3131 829 3219 diligimus.
891 3131 1035 3219 Ipse
1072 3131 1359 3214 OresteS,
1413 3140 1606 3198 tantae
1648 3131 1903 3220 pietatis
1951 3142 2299 3219 conspectu
2344 3153 2500 3220 per-

367 3255 614 3328 motus,
666 3269 702 3314 «
740 3245 788 3314 Ο
827 3265 1036 3328 soror,
1086 3244 1197 3330 ait,
1233 3244 1390 3333 quid
1427 3245 1773 3328 lacrimam,
1817 3245 2036 3312 abdita
2071 3247 2263 3334 peplo
2299 3247 2495 3331 facie;

367 3381 471 3429 me
503 3361 702 3449 pudet
733 3370 793 3429 te
830 3361 1128 3428 laborum
1165 3361 1376 3430 facere
1412 3360 1818 3449 participem.
1864 3360 1956 3428 Ne
1994 3362 2191 3449 igitur
2230 3359 2500 3452 propter

426 3546 501 3609 (1)
521 3550 620 3597 Νῦν
648 3549 732 3611 μὲν
753 3550 846 3614 γὰρ
875 3549 1014 3599 οὐδὲν
1037 3552 1153 3600 ὂντα
1188 3549 1416 3612 βαστάζω
1436 3552 1621 3614 χεροῖν,

515 3636 678 3698 δόμων
706 3637 758 3685 δέ
792 3637 857 3696 σ’,
885 3637 926 3685 ὦ
947 3641 1066 3697 παῖ,
1092 3638 1317 3702 λαμπρὸν
1341 3637 1554 3700 ἐξέπεμψ
1577 3637 1709 3699 ’.ἕ-ἐγώ.

521 3724 668 3786 Οἶμοι
691 3724 902 3774 τάλαινα
923 3731 1007 3785 τῆς
1027 3726 1146 3787 ἐμῆς
1164 3726 1317 3775 πάλαι
1340 3732 1516 3790 τροφῆς

519 3812 828 3876 ἀνωφελήτου
843 3849 856 3873 ,
881 3814 969 3871 τήν
993 3811 1090 3875 ἐγὼ
1118 3814 1227 3875 θάμ’
1256 3814 1379 3877 ἀμφὶ
1403 3814 1484 3863 σοὶ

517 3899 652 3963 πόνῳ
675 3902 843 3963 γλυκεῖ
869 3901 1136 3966 παρέσχον.
1165 3901 1293 3951 Οὔτε
1317 3901 1412 3965 γάρ
1433 3918 1556 3952 ποτε

523 3990 696 4054 μητρὸς
719 3990 780 4038 σύ
800 3990 844 4053 γ’
868 3989 998 4051 ἦσθα,
1023 3993 1204 4053 μᾶλλον
1227 3992 1258 4048 ἢ
1280 3990 1442 4053 κάμοῦ
1462 3990 1613 4054 φίλος.
1648 3988 1886 4052 Sophocl.
1915 3989 2102 4039 Electr.
2127 3988 2423 4039 1129-1143.

427 4073 498 4136 (2)
527 4075 756 4140 Euripid.
785 4076 956 4128 Orest.
983 4076 1095 4127 221.
