3064 4949
1242 484 1595 554 ...63—

347 625 449 697 bis
499 625 711 707 effert,
761 633 836 693 ut
880 623 1266 711 profiteatur
1308 645 1411 706 se,
1477 626 1546 694 in
1600 625 1874 710 gratiam
1929 608 2262 709 Hectoris·‚
2321 647 2483 714 quas

347 738 646 828 diligeret
703 737 1010 810 mulieres
1066 737 1345 822 alienas,
1408 739 1714 811 invitante
1764 740 2009 811 Venere
2038 793 2055 822 ‚
2130 741 2479 824 amavisse,

346 874 828 942 mammemque
905 853 1261 942 praebuisse
1330 855 1601 944 spuriis,
1681 876 1764 938 ne
1828 855 1983 943 quid
2046 853 2360 927 molestiae
2426 854 2483 924 ei

346 969 609 1041 afferret
659 968 782 1057 (1).
847 969 986 1048 Qua
1035 968 1386 1052 sententia,
1449 969 1671 1039 forsan
1727 969 2056 1056 graviore,
2121 969 2488 1043 declaratur

349 1104 547 1172 quam
584 1084 710 1153 late
746 1092 1009 1171 pateant
1044 1076 1420 1152 reverentiae
1455 1082 1522 1153 in
1560 1082 1905 1171 conjugem
1941 1083 2148 1171 leges;
2203 1083 2487 1172 ideoque

347 1218 575 1268 omnes
636 1208 846 1285 poetae
903 1197 1317 1267 consentiunt
1372 1198 1440 1268 in
1483 1197 1896 1267 informanda
1953 1198 2234 1286 turpiter
2282 1218 2484 1267 uxore

346 1311 616 1381 infideli.
660 1312 864 1391 Quam
901 1300 1076 1381 enim
1113 1312 1396 1399 speciem
1442 1312 1944 1401 Clytaemnestra>
1990 1311 2270 1381 induunt
2315 1313 2482 1400 Aga-

347 1446 764 1497 memnonem
812 1425 1160 1495 trueidanti
1220 1434 1292 1495 ut
1342 1426 1630 1516 AEgysthi
1678 1426 2006 1495 blanditiis
2056 1446 2283 1495 secure
2343 1447 2489 1515 per—

345 1542 628 1623 fruatur,
690 1561 836 1629 quae
895 1541 1137 1611 frustra
1179 1540 1399 1628 objicit
1435 1540 1649 1611 virum
1691 1540 1879 1629 prius
1910 1540 2109 1610 fuisse
2155 1541 2429 1611 infidum
2464 1564 2478 1611 :

350 1655 431 1722 ab
483 1676 559 1723 ea
616 1655 852 1722 chorus
912 1654 1146 1742 quaerit
1193 1656 1367 1743 quod
1424 1675 1745 1724 venenum
1797 1655 2087 1726 hauserit
2138 1665 2211 1725 ut
2253 1656 2484 1727 furiale

350 1770 523 1841 istud
583 1769 911 1858 piaculum
973 1768 1308 1858 suscipiat,
1362 1777 1437 1836 ut
1493 1769 1563 1837 in
1613 1790 1683 1837 se
1740 1769 1964 1857 populi
2012 1770 2487 1841 exsecrationes

351 1883 641 1953 cumulet
674 1881 799 1970 (2).
858 1881 1249 1953 Dormientis
1287 1892 1434 1949 ante
1473 1882 1694 1955 oculos
1731 1882 1945 1969 imago
1983 1882 2200 1951 mariti
2242 1883 2489 1956 nefarie

350 1997 550 2070 occisi
609 1987 1010 2077 obversatur,
1076 2016 1273 2083 quem
1326 2006 1398 2067 ut
1455 1995 1669 2067 flectat
1721 1996 1812 2064 nil
1863 1997 2128 2085 prodest
2176 1995 2486 2070 libamina

261 2161 265 2165 -
350 2113 650 2200 sepulcro
687 2110 956 2198 imponi.
1004 2110 1078 2179 Ei
1116 2110 1356 2179 liberos
1385 2110 1524 2199 jam
1566 2110 2047 2181 inimicissimos
2087 2109 2489 2179 ostendimus

350 2226 447 2293 uti
488 2245 821 2307 novercae3
874 2244 1072 2312 quam
1119 2224 1314 2292 etiam
1351 2225 1434 2297 ob
1469 2225 1789 2313 pollutum
1835 2225 2036 2313 patris
2086 2224 2295 2292 cubile
2334 2223 2488 2295 ode·-

350 2351 510 2413 runt
560 2363 574 2409 :
634 2362 787 2411 nam
836 2340 986 2408 huic
1033 2339 1283 2409 Electra
1348 2362 1362 2405 ε
1411 2362 1447 2409 ((
1495 2340 1896 2429 Turpissima
1941 2349 2310 2429 perpetras,
2362 2338 2483 2421 ait,

351 2477 502 2546 quae
540 2456 975 2528 abominando
1006 2455 1144 2526 viro
1173 2455 1545 2540 delectariS,
1589 2454 1774 2544 cujus
1814 2477 1935 2545 ope
1971 2462 2227 2543 patrem
2263 2474 2485 2528 meum

352 2572 641 2645 occidisti
686 2571 788 2658 (3).
835 2593 870 2637 ι)
933 2571 1104 2641 Num
1155 2571 1311 2658 quid
1360 2571 1595 2642 habeat
1640 2571 1818 2641 hisce
1868 2569 2277 2642 contumeliis
2328 2568 2492 2657 obji-

352 2687 694 2768 ciendum,
760 2686 912 2774 quid
954 2686 1164 2760 Oresti
1210 2706 1342 2758 non
1388 2697 1663 2756 matrem
1685 2739 1707 2778 ,ι
1757 2688 1867 2755 sed
1915 2685 2197 2774 AEgysthi
2251 2702 2523 2756 conen-⁸

352 2804 576 2874 binam
629 2800 1010 2889 jugulanti?
1085 2821 1367 2889 namque
1438 2821 1643 2887 quum
1720 2800 1791 2870 in
1849 2800 2159 2874 auxilium
2226 2800 2489 2872 sceleris

353 2917 600 2988 socium
663 2917 961 2998 advocet,
1027 2938 1062 2982 c<
1113 2917 1307 2988 Amas
1362 2915 1728 2998 hominem,
1792 2915 2005 3003 inquit
2061 2915 2271 2997 filius,
2339 2914 2487 2986 ideo

353 3032 583 3102 eodem
625 3030 693 3098 in
728 3030 977 3100 tumulo
1006 3029 1255 3117 jacebis
1276 3052 1292 3112 ;
1315 3030 1498 3117 juxta
1523 3030 1697 3104 hunc
1725 3029 1941 3118 ipsum
1977 3039 2041 3099 te
2075 3029 2487 3102 interfectam

351 3146 533 3229 volo,
572 3164 768 3232 quem
803 3143 1118 3216 viventem
1156 3153 1341 3231 patre
1378 3161 1526 3216 meo
1565 3144 1886 3231 potiorem
1925 3143 2256 3218 habueris.
2309 3142 2487 3216 Cuba

349 3260 548 3347 igitur
616 3279 770 3330 cum
843 3257 1073 3332 dilecto
1094 3310 1111 3341 ‚
1192 3278 1345 3334 nam
1410 3278 1606 3347 quem
1677 3257 1967 3346 oportuit
2044 3277 2265 3332 amare
2336 3271 2488 3332 eum

352 3373 546 3448 odisti
583 3372 711 3461 (4).
757 3395 792 3440 ι)
844 3372 1102 3461 ltaque,
1159 3372 1244 3446 oh
1281 3372 1673 3448 adulterium
1696 3425 1716 3454 ,
1765 3373 2011 3460 absque
2050 3371 2328 3459 injuria,
2383 3392 2490 3446 ca-

415 3557 489 3619 (1)
518 3556 745 3618 Euripid.
777 3557 1027 3605 Androm.
1061 3554 1172 3605 222.

408 3643 489 3707 (2)
519 3632 745 3706 AEschyl.
775 3644 962 3706 Agam.
989 3642 1135 3692 1407.

414 3730 490 3793 (3)
520 3730 762 3795 Sophocl.
791 3731 978 3780 Electr.
1009 3729 1119 3780 586.

413 3820 486 3881 (4)
513 3856 525 3867 .
555 3858 566 3869 .
598 3858 608 3869 .
634 3822 764 3885 Πρὸς
793 3821 938 3869 αὐτὸν
967 3820 1105 3869 τόνδε
1131 3819 1188 3867 σὲ
1213 3819 1389 3881 σφάξαι
1414 3820 1554 3868 θέλω.

509 3911 606 3959 Καὶ
631 3914 790 3966 ζῶντα
811 3910 904 3975 γάρ
930 3926 1002 3959 νιν
1030 3909 1272 3974 κρείσσον’
1295 3910 1465 3970 ἡγήσω
1487 3908 1688 3972 πατρός·

512 3999 670 4061 τούτῳ
693 4000 907 4047 θανοῦσα
931 3998 1230 4047 συνκάθευδ’·
1260 3997 1366 4045 ἐπεὶ
1391 3999 1544 4059 φιλεῖς
1863 4051 1870 4058 ¹
2409 4061 2419 4070 θ

512 4087 594 4137 τὸν
623 4087 774 4151 ἄνδρα
797 4093 968 4136 τοῦτον
989 4124 1001 4145 ,
1025 4088 1076 4134 ὃν
1099 4087 1140 4134 δ’
1170 4086 1313 4149 ἐχρῆν
1341 4087 1492 4146 φιλεῖν
1518 4088 1723 4147 στυγεῖς.
1756 4083 1980 4148 AEschyl.
2008 4082 2238 4145 Choeph.
2264 4081 2374 4131 904.
