3064 4949
88 4147 101 4320 ἓ

385 960 1004 1077 AESCHYLUS,
1061 961 1652 1063 SOPHOCLES
1700 961 1770 1063 ἃ·
1819 962 2387 1064 EURIPIDES

886 1250 1274 1337 DOMUS
1351 1252 1878 1338 PATRONI.

1149 1861 1622 1933 PROOEMIUM.
1722 1846 1731 1855 ’

410 2106 775 2176 Instituenti
839 2107 998 2175 mihi
1059 2109 1183 2176 hoc
1240 2111 1626 2198 opusculum
1688 2111 1768 2177 de
1827 2108 2062 2177 fabulis
2121 2109 2403 2198 AEschyli
2434 2164 2451 2193 ‚

317 2221 655 2310 Sophoclis
695 2231 758 2289 et
794 2222 1119 2311 Euripidis
1156 2223 1438 2292 scrihere
1477 2224 1696 2292 animo
1740 2245 1892 2292 sane
1930 2223 2210 2293 occurrit
2253 2243 2457 2313 quam

321 2357 497 2425 saepe
547 2347 918 2426 quantaque
985 2339 1269 2406 sollertia
1334 2339 1522 2406 multi
1574 2338 2058 2427 doctissimique
2116 2338 2239 2406 viri
2309 2338 2452 2405 haec

322 2472 525 2541 opera
557 2452 1034 2542 explanaverint
1070 2474 1144 2523 ac
1182 2453 1310 2523 sint
1346 2454 1530 2543 quasi
1568 2454 1828 2544 penitus
1867 2453 2131 2523 scrutati
2179 2473 2193 2519 ε
2240 2471 2445 2541 quum

321 2576 543 2634 autem
580 2577 782 2635 exstet
818 2567 1120 2637 materies
1158 2568 1489 2637 uberrima
1525 2569 1740 2658 sitque
1791 2569 1944 2637 silva
1986 2589 2209 2637 rerum
2256 2588 2449 2656 poene

320 2681 612 2766 infinita,
656 2684 871 2751 locum
908 2684 1046 2752 fore
1096 2683 1570 2773 inexploratum
1617 2685 1685 2751 in
1734 2684 1863 2768 εἰς,
1909 2683 2142 2772 quihus
2171 2682 2449 2771 jampri-

321 2797 470 2863 dem
508 2797 761 2864 deditus
798 2797 1188 2881 delectabar,
1242 2797 1381 2867 nec'
1408 2800 1650 2868 calcata
1701 2799 1910 2867 adhuc
1960 2798 2229 2886 vestigia
2278 2796 2453 2863 haud

319 2912 676 2999 desperavi.
722 2913 1040 3001 Equidem
1078 2934 1209 2981 non
1246 2914 1309 2981 id
1348 2914 1690 2982 consilium
1739 2914 1881 3003 cepi
1931 2922 2003 2980 ut
2040 2913 2454 2981 ostenderem

320 3034 562 3114 quanta
602 3036 738 3093 arte
773 3026 1008 3095 fabulae
1044 3028 1416 3117 compositae
1454 3028 1581 3097 sint
1618 3037 1681 3097 et
1718 3028 2062 3110 ordinatae,
2101 3047 2224 3094 nec
2259 3026 2456 3093 etiam

319 3140 833 3208 demonstrarem
871 3163 1068 3230 quam
1112 3142 1278 3210 mire
1327 3144 1828 3212 accommodatae
1870 3143 2209 3210 videantur
2254 3139 2451 3208 variis

317 3255 725 3345 maximeque
749 3256 983 3325 innatis
1010 3258 1380 3326 hominibus
1406 3259 1739 3327 affectibus
1770 3256 2237 3348 exprimendiS,
2274 3256 2449 3345 quod

318 3371 614 3438 nonnulli
671 3371 845 3439 haud
899 3392 1096 3461 parva
1149 3373 1340 3441 laude
1393 3383 1910 3457 attentaverunt;
1973 3373 2084 3441 sed
2152 3391 2454 3461 quaerere

316 3485 723 3574 propositum
762 3487 918 3575 quid
956 3488 1038 3556 de
1073 3488 1387 3573 moribus,
1420 3498 1483 3556 et
1507 3489 1773 3578 proprie
1803 3489 1881 3557 de
1907 3485 2276 3556 domesticis
2315 3484 2458 3552 offi-

317 3600 435 3668 ciis
471 3601 627 3669 utile
664 3602 903 3686 ferant,
944 3612 1018 3671 ut
1055 3624 1185 3672 non
1235 3613 1368 3672 tam
1418 3604 1487 3672 in
1535 3614 1743 3693 poetae
1791 3625 1987 3692 quam
2034 3603 2100 3670 in
2139 3599 2461 3690 sapientis

318 3735 670 3803 personam
708 3715 988 3786 intuear.

413 3830 574 3899 Sunt
612 3831 787 3899 enim
824 3832 1003 3901 omni
1040 3843 1225 3902 aetate
1250 3833 1449 3901 hahiti
1480 3833 1744 3922 optimae
1768 3832 2126 3922 disciplinae
2156 3829 2455 3919 magistri

322 3953 386 4010 et
421 3943 733 4013 virtutum
770 3957 1066 4017 auctores
1106 3958 1348 4037 poetae,
1390 3948 1502 4037 qui
1554 3948 2009 4018 remotissimis
2056 3948 2249 4017 etiam
2287 3956 2454 4015 tem-

324 4058 597 4145 poribus
655 4064 825 4150 apud
885 4062 1139 4132 Graecos
1199 4063 1584 4131 floruerunt.
1649 4064 1932 4153 Quippe,
2001 4063 2225 4131 Flacco
2273 4061 2460 4128 valde
